2872 4972
194 353 241 420 42
348 396 351 403 -
415 338 1037 423 thnlrmcn'ru‘tnutt
1088 348 1096 373 ²

192 536 239 620 gis
251 538 343 599 beata
361 537 413 599 flat
436 538 620 619 quotannis.''
648 530 768 598 -Omitti
779 552 880 603 tamen
905 557 966 601 non
984 540 1137 601 commode
1153 539 1259 621 potnit

190 633 330 702 verbum3
349 650 447 710 neque
467 629 649 709 intelligitur,
664 649 724 710 quo
735 634 835 705 modo,
846 652 915 694 cum
928 632 967 692 de
981 632 1081 694 villula
1093 654 1191 695 sermo
1202 634 1258 707 sit‚'

98 768 102 777 .
191 724 261 785 addi
275 723 411 804 potuerit,
425 745 487 783 nam
501 725 600 784 domini
619 736 680 785 etc.
725 724 872 805 Equidem
886 724 956 786 olim
970 724 1098 804 cogitavi
1110 726 1148 786 de
1163 744 1256 786 versu

190 828 260 898 post
279 819 358 878 hanc
377 816 504 889 amiss03
528 816 583 879 sed
603 836 768 899 perperam.
799 817 881 878 Nihil
902 817 1097 894 desideratur,
1122 815 1256 885 sirecte

190 910 343 992 scripseris
355 909 433 970 hunc
447 910 558 985 locum,
570 911 629 971 levi
640 912 787 975 medicina
800 911 950 973 adhibita:

420 1103 597 1170 Nutririrosgis
605 1106 720 1169 cirringis,
731 1113 756 1156 st
766 1108 834 1156 beatu
844 1105 980 1171 qnotsuru's·
1047 1132 1050 1138 ·

420 1184 558 1244 Hujusnam
571 1184 660 1233 domini
670 1187 751 1234 colunt
759 1200 797 1234 rue
808 1194 854 1234 etc.

190 1323 325 1404 Priapus,
336 1327 356 1361 “
371 1341 439 1402 ego,
454 1323 505 1396 ait,
522 1323 604 1385 arido
614 1343 751 1404 quercus,
766 1325 861 1406 magis
873 1324 1026 1406 magisque
1042 1322 1148 1384 nutrivi
1163 1322 1250 1383 villu·

189 1418 260 1491 lam,
284 1427 316 1478 et
339 1416 458 1496 quidem
480 1435 537 1496 ego
550 1418 650 1491 beata,
664 1418 685 1477 i.
694 1436 723 1479 e.
745 1419 921 1485 muneribus·
937 1417 1052 1492 oblatis,
1075 1417 1254 1498 quotannist

188 1529 257 1571 uam
270 1509 379 1570 domini
393 1529 440 1569 me
452 1510 554 1570 colunt
565 1510 645 1572 etc.'’
680 1510 879 1585 Omniahene
894 1511 1055 1573 cohaerent.
1094 1508 1183 1583 Quod
1193 1508 1251 1581 ad-

187 1603 264 1664 tinet
273 1603 313 1663 ad
326 1604 425 1673 verba,
441 1612 468 1661 et
479 1621 567 1683 sepe,
583 1615 616 1663 ut
631 1623 719 1684 supra
732 1604 802 1676 dixi,
815 1604 934 1685 ponitur
948 1596 1010 1684 pro¹
1020 1613 1058 1664 et
1077 1601 1252 1682 quidem.

186 1695 378 1757 Grammatici
391 1695 450 1756 hoc
465 1694 585 1757 docent.
627 1696 714 1775 Soepe
731 1696 821 1757 etiam
845 1697 977 1776 mugiret
996 1696 1085 1774 mugit
1098 1694 1251 1755 collocan-

187 1798 237 1848 tur
250 1799 319 1870 post
327 1808 412 1848 suum
425 1788 561 1858 verbum;
583 1798 616 1873 ut
629 1788 760 1849 LXXII.
774 1795 805 1851 4.
820 1789 905 1868 V-irg.
915 1788 1044 1862 AEn.,11.
1059 1792 1132 1851 199.
1153 1788 1251 1849 Bea-

188 1892 245 1942 tus
258 1880 376 1962 proprie
401 1879 509 1940 dicitur
520 1878 665 1967 [Priapum
677 1883 697 1943 i.
709 1902 736 1943 e.
760 1882 940 1961 muneribus,
953 1880 1055 1954 cultu;
1076 1881 1127 1943 vd.
1138 1881 1250 1942 Horat.

188 1971 570 2052 carm.11.18.14.ep.1.
587 1978 636 2034 18.
654 1974 705 2038 75.
730 1975 771 2035 cf.
792 1985 893 2035 noster
914 1974 1062 2035 XXXIII.
1075 1976 1126 2039 27.
1146 1972 1251 2055 Mutu->

186 2067 297 2128 tionem
319 2084 390 2126 vero
414 2084 480 2125 voc.
494 2077 527 2127 ut
543 2065 580 2142 in
602 2075 630 2125 et
643 2066 801 2129 defendam
814 2086 875 2128 non
897 2086 971 2149 opus
995 2080 1060 2141 est;
1080 2066 1191 2145 centies
1216 2066 1248 2127 in

188 2161 283 2221 MSS.
301 2160 536 2225 confunduntur.
578 2161 686 2242 Neque
700 2162 798 2222 obstat
816 2162 920 2224 vocab.
944 2161 1026 2240 hujus
1035 2184 1048 2230 ;
1068 2181 1136 2222 nam
1149 2152 1249 2241 loqui·

187 2266 238 2316 tur
252 2254 386 2336 Priapus,
396 2257 495 2320 locum
510 2269 540 2318 et
550 2257 680 2318 villulam
695 2255 789 2337 digito
803 2267 978 2332 monstrans,
988 2268 1022 2316 ut
1035 2275 1078 2319 vs.
1095 2261 1124 2319 l.

320 2457 389 2512 rr'.6'.
488 2462 603 2526 Psuperis
614 2461 694 2524 tuguri
703 2468 770 2524 pates
781 2458 904 2524 filiosque*
926 2477 930 2488 ²

187 2582 439 2662 Hariolationibus
449 2599 576 2662 uirorum
590 2601 743 2673 doctorum
756 2603 794 2665 de
808 2572 954 2677 hocloco,
968 2602 1103 2664 codicum
1116 2605 1247 2665 auctori·

187 2704 248 2755 tate
259 2695 388 2754 nondum
398 2693 543 2768 restituto,
557 2693 635 2756 hanc
646 2696 883 2787 qualemcunque
897 2695 1120 2778 adscripserim:

418 2873 535 2968 Pauperis
547 2875 626 2938 tuguri
635 2881 702 2939 pater
712 2876 765 2939 ipse
776 2847 915 2941 filiolusque.

187 3016 238 3077 Ab
265 3015 408 3077 domino
401 3036 465 3095 ipso
488 3016 618 3090 solutari,
640 3017 765 3079 maxime
785 3016 978 3080 honorificum
991 3030 1055 3082 erat
1068 3014 1185 3133 Priapo.
1202 3019 1248 3080 ι1.·

186 3129 230 3171 vs.
242 3115 272 3172 9.
294 3110 344 3170 Sic
359 3109 467 3170 Tibull.
481 3110 508 3171 1.
524 3115 572 3172 10
585 3115 636 3171 41.

414 3304 472 3367 lpse
481 3319 535 3353 snus
542 3311 647 3354 sectatur
656 3322 714 3355 oves
726 3313 750 3355 et
756 3306 818 3356 fllinr
830 3322 905 3370 ugnos
920 3292 922 3297 ¹

186 3443 238 3524 (ite
250 3440 328 3503 enim
340 3442 499 3524 legendum
508 3449 572 3521 est).
594 3445 676 3511 Add.
689 3464 730 3508 vs.
743 3451 794 3510 51.

319 3628 390 3675 sall.
445 3623 448 3632 '
487 3628 555 3675 Alter
565 3642 638 3689 purus
646 3628 723 3677 ferens
733 3643 803 3677 mann
814 3645 907 3693 semper
916 3628 1091 3692 muncmlsrgu.
1201 3644 1206 3651 ·
1242 3599 1248 3635 ἶ

183 3762 441 3844 impedimentum,
455 3766 536 3846 quod
547 3767 732 3827 Burmannus
747 3775 776 3827 et
788 3757 1016 3839 Schraderus'in
1027 3762 1124 3827 ¹m'etro
1134 3769 1242 3846 quaesi·

183 3869 299 3931 verunt,
321 3859 433 3918 nullum
448 3871 503 3932 est,
518 3871 599 3921 etex
613 3860 688 3920 illius
708 3860 823 3921 ratione
837 3872 918 3920 recte
932 3861 992 3940 legi
1006 3870 1102 3940 potest
1124 3846 1241 3938 semper.

183 3953 269 4015 Baris
292 3974 352 4014 non
375 3954 514 4034 rhythmo
537 3954 811 4015 circumscribitur.
835 3954 902 4014 Nec
923 3964 1031 4014 tamen
1037 3953 1172 4028 diffiteor,
1187 3973 1247 4015 me

182 4066 301 4128 quoque
312 4047 343 4107 in
356 4048 415 4107 hoc
429 4049 520 4109 verbo
534 4047 664 4119 haesisse,
680 4058 711 4107 et
725 4047 844 4126 quidem
854 4048 916 4107 ob'
903 4052 945 4126 Jej
947 4067 1050 4123 unum,
1062 4066 1151 4129 quem
1161 4066 1241 4128 μω·

181 4140 243 4216 bet,
258 4161 384 4204 sensum.
427 4139 538 4221 Siquid
548 4140 731 4213 mutandum,
744 4140 916 4222 scripserim,

408 4296 478 4346 Alter
486 4310 559 4361 parva
569 4296 647 4346 terens
659 4309 727 4345 mauu
735 4294 811 4358 campi
824 4310 919 4345 munere
929 4295 1003 4358 large.
