2872 4972
520 340 753 407 CARMEN
783 339 922 408 LXIV.
1182 339 1249 407 188

234 529 319 595 Pars
337 550 413 594 sese
426 527 526 592 tortis
541 516 755 623 serpentibus
770 524 1006 611 incingebant3

234 641 321 705 Pars
336 642 477 705 obscura
491 638 582 702 cavis
596 638 815 703 celebrabant
830 637 925 724 orgia
938 636 1042 720 cistis,

232 751 353 837 Orgia,
364 774 439 839 quae
454 752 580 816 frustra
594 749 737 836 cupiunt
756 749 874 814 audire
888 748 1040 836 profani:

233 862 448 949 Plangebant
464 861 524 926 alii
535 860 686 948 proceris
701 868 858 946 tympana
873 858 1006 944 palmis,

231 974 302 1036 Aut
318 974 550 1039 teretitenues
567 972 707 1036 tinnitus
725 992 791 1034 aare
805 969 950 1034 ciebant.

231 1083 353 1149 Multis
368 1084 560 1149 raucisonos
576 1082 737 1147 efflabant
751 1101 878 1146 cornua
891 1079 1041 1162 bombos,

1125 628 1247 700 Ι260

221 1275 277 1318 960.
288 1273 337 1318 Pro
345 1272 484 1318 celebrabant
495 1269 634 1331 conjiciebat
640 1266 818 1316 Brouckbusius
830 1267 853 1314 in
865 1267 983 1314 anecdotis
994 1266 1080 1314 notulis
1091 1267 1199 1331 celobqnt,
1210 1264 1244 1313 in·

187 1337 320 1382 teroedente
331 1337 448 1382 Dorvillio
457 1337 486 1383 ed
494 1336 582 1384 Ohsrit.
592 1353 613 1396 p.
626 1338 683 1383 359.
693 1336 735 1381 ubi
746 1334 816 1380 docte
827 1333 857 1379 de
866 1333 911 1378 hoc
921 1333 973 1378 loco
986 1333 1098 1393 disputat.

220 1404 276 1447 264.
295 1400 368 1446 aloto
374 1403 499 1448 concinnos
509 1401 596 1460 reperit
604 1400 628 1446 in
640 1399 746 1446 omnibus
756 1399 844 1445 MSSO.
855 1397 952 1454 Statius,
963 1399 1002 1456 qni
1009 1405 1073 1443 recte
1081 1399 1129 1457 jara
1140 1396 1208 1443 molti
1219 1394 1243 1440 in

186 1467 264 1512 rnrrltis
272 1467 406 1512 mutandum
418 1482 471 1512 esse
479 1465 696 1526 vidit-multoque
708 1466 835 1509 raucisonos
850 1463 938 1522 Gryph.
954 1460 1149 1507 Muret—-Multi
1165 1462 1242 1506 rocci-

186 1532 243 1576 sonis
255 1529 359 1591 qjiobont
369 1547 454 1577 omniuo
465 1532 544 1576 bombis
553 1530 636 1576 multas
648 1529 714 1576 editt.
726 1529 811 1574 habere
822 1533 920 1573 testatur
932 1528 1046 1586 Scaliger,
1063 1527 1105 1572 sed
1119 1541 1162 1585 pro
1175 1525 1243 1570 molti

97 1648 99 1652 ¹
186 1595 276 1642 mavult
282 1596 368 1650 matta,
375 1602 402 1641 ut
409 1596 505 1642 Baoohae
515 1595 681 1653 intelligantur,
692 1594 729 1639 vel
736 1593 884 1638 scribendum
893 1598 960 1652 putat
969 1589 1186 1652 miritis--effleboat
1194 1604 1242 1636 cor-

186 1676 234 1706 nua
242 1659 325 1706 bombos
332 1675 361 1706 ex
374 1661 433 1706 libro
442 1659 614 1706 Mediolanensi
623 1658 729 1712 Vossius,
737 1659 829 1717 adjecta
836 1655 1028 1716 interpretatione
1036 1671 1128 1708 conso,
1138 1655 1154 1700 i.
1166 1670 1188 1701 e.
1199 1668 1244 1714 pet

187 1739 280 1772 cornua.
297 1722 378 1786 Efflcre
389 1741 444 1771 vero
454 1731 550 1772 rectum.
567 1725 646 1771 Utitur
656 1723 700 1769 boc
711 1722 823 1770 vocabulo
832 1722 900 1768 etiam
913 1720 1092 1777 Quinctilinnus.
1111 1721 1154 1765 Est
1164 1723 1242 1766 nutem

186 1789 292 1848 inprimis
309 1789 383 1836 tristis
399 1797 440 1836 sut
455 1788 539 1835 flebilis
556 1804 667 1834 cornuum
685 1803 765 1841 sonus,
781 1791 860 1847 utpote
872 1784 911 1845 qui
923 1802 967 1832 uon
982 1785 1086 1831 homines
1096 1783 1171 1831 solum
1182 1783 1243 1830 mele

186 1854 278 1912 alliciat,
290 1856 332 1902 sed
344 1861 369 1901 et
378 1855 499 1901 brutorum
510 1853 641 1900 sulmalium
651 1853 765 1900 ululatum
776 1849 913 1911 provocet.”
928 1851 985 1897 satis
1001 1847 1111 1896 ridicule!

218 1994 276 2040 259.
294 1991 367 2039 Tortis
380 1993 524 2051 urpentibtu.
540 1994 571 2039 de
584 2007 628 2038 usu
640 2007 689 2038 ser·
739 1992 807 2037 conis
824 1989 1002 2046 acclamatione,
1016 1985 1129 2042 isichio
1141 1985 1194 2036 ies-i
1203 1984 1242 2040 Bi·

185 2064 299 2126 pontium,
319 2063 403 2123 quibus
413 2071 459 2110 mm
471 2080 557 2128 corpus
568 2079 637 2126 quam
648 2080 689 2110 co·
739 2065 809 2117 Βηλοι.

185 2152 244 2184 nram
256 2136 407 2197 implicabant
423 2138 571 2194 bacchantes,
588 2137 688 2197 copiose
771 2141 828 2186 262.
852 2136 962 2199 Plangeb.
988 2136 1031 2183 olii
1057 2151 1142 2197 procer.
1170 2144 1241 2198 tynp.

185 2210 215 2255 ad
234 2210 285 2257 h.l.
307 2210 413 2270 disputat
428 2208 542 2270 Vossins3
559 2210 619 2259 addc
633 2211 688 2256 Mu·
735 2211 870 2270 palm-de
891 2207 1008 2270 tympanis
1033 2208 1083 2255 rid.
1111 2209 1141 2255 ad
1163 2209 1241 2256 Cerni.

185 2289 268 2328 retum.

218 2357 274 2400 960.
284 2353 355 2416 Orgia
363 2353 393 2400 de
401 2355 533 2415 quibusque
542 2354 614 2402 sacris
625 2356 687 2418 apud

186 2423 293 2480 Graecos,
303 2426 344 2473 sed
356 2428 416 2487 apud
427 2427 648 2488 Latinospnecipue
657 2429 687 2474 de

132 2520 137 2527 ·
185 2498 259 2544 sacris
269 2499 366 2555 Bacchi,
390 2500 454 2547 dicte
476 2500 538 2547 baud
556 2502 628 2548 dabie
645 2501 687 2557 its,

184 2571 246 2629 quod
258 2587 309 2617 cnm
322 2573 400 2632 aliqua
417 2571 474 2636 cippi,
488 2557 568 2620 sordre
579 2582 603 2620 et
615 2573 685 2620 anirni

184 2645 349 2700 sciscitatione,
358 2647 446 2692 fierent.
458 2645 568 2692 celebrare
578 2646 642 2709 orgia
650 2652 687 2692 est

184 2717 318 2762 Graecorum
326 2716 432 2779 ὀργιάζειν.
440 2717 488 2764 vid.
496 2717 604 2778 inprimis
613 2717 686 2764 Cerdo

184 2788 213 2832 ad
226 2789 311 2849 Virgil.
324 2792 411 2850 Georg.
422 2790 466 2836 IV.
478 2791 534 2836 521.
548 2789 685 2837 Rittersbas.

183 2861 213 2905 sd
226 2861 327 2920 Oppiau.
338 2862 427 2921 Cyneg.
436 2862 481 2907 IV.
494 2864 550 2908 947.
569 2870 593 2908 et
607 2861 689 2921 Barth.

183 2932 212 2977 ad
225 2932 285 2978 Stat.
297 2933 369 2979 Theb.
377 2933 413 2978 11.
426 2935 614 2989 (iob—obsceno,
622 2949 686 2994 mys·

183 3004 230 3049 tica
250 3011 274 3050 et
293 3005 394 3060 occulta,
412 3021 463 3065 quae
478 3005 502 3050 in
519 3006 686 3065 cistaquadeas

183 3076 221 3122 rel
233 3077 312 3122 arculo
323 3077 545 3124 circumferebantur
555 3093 569 3124 ι
580 3077 686 3137 cistopho-

163 3195 169 3205 ,
182 3153 219 3198 ris.
235 3152 278 3214 (de
289 3149 425 3210 cistophoris,
436 3156 483 3196 tem
495 3165 649 3205 nummorum,
660 3151 684 3197 in

182 3227 266 3285 quibus
274 3224 391 3284 orgiorum
400 3222 685 3284 solemniaexpressat‘ue·

181 3307 241 3354 runt,
254 3313 323 3359 quam
335 3296 455 3344 bominum
467 3296 554 3343 cistam¹
562 3297 685 3364 mysticam

181 3371 322 3432 portantium
334 3386 428 3431 genere,
446 3369 624 3416 exstaterudita
634 3369 685 3417 dis·

182 3445 278 3491 sertatio
300 3443 362 3489 Alea.
386 3441 472 3488 Xooer.
496 3441 584 3488 Panaetii
607 3441 683 3504 Lugd.

181 3519 254 3563 1734.
266 3519 290 3560 4.
303 3515 363 3561 adde
375 3512 499 3560 Ernestiin
511 3514 578 3559 Clas.
590 3513 641 3560 cic.
662 3531 682 3561 s.

180 3587 203 3632 h.
216 3586 252 3650 v.)
284 3587 350 3633 Inter
362 3585 418 3632 alias
428 3600 466 3632 res
478 3586 575 3632 frivolas
589 3587 613 3632 In
624 3587 684 3633 cista

180 3660 221 3705 illa
232 3659 331 3720 mystica
341 3659 383 3723 (de
403 3674 447 3718 qua
458 3658 566 3704 Clemens
580 3659 683 3705 Alexan·

180 3735 217 3779 dr.
229 3733 349 3792 Protrept.
358 3745 383 3794 p.
393 3733 431 3776 13.
444 3737 468 3776 et
477 3729 531 3793 30.)
539 3731 682 3788 reconditas,

180 3804 269 3852 nemini
278 3803 321 3850 nisi
330 3802 432 3849 initiatis·
441 3804 585 3864 usurpandas
597 3804 682 3859 oculis,

179 3877 298 3938 precipue
315 3875 360 3923 fuit
375 3874 476 3934 photius,
493 3876 532 3922 cui
544 3876 682 3942 annuebant

179 3950 283 4012 religiosi
295 3946 320 3995 ri
333 3946 438 4010 φαλλικᾶν
446 3948 581 4012 (Aristoph.
593 3949 681 3995 Achar-

178 4040 243 4070 neus.
254 4040 277 4069 r.
290 4023 368 4085 259.)⁸
380 4021 429 4069 vid.
445 4021 574 4084 Wcssels'ng.
583 4023 613 4068 ad
622 4013 681 4068 Bio-

178 4097 229 4143 dor.
240 4095 313 4145 siout.
325 4095 346 4141 Ι.
357 4097 398 4141 22.
408 4109 431 4140 n.
444 4095 484 4140 60.

209 4173 267 4218 261.
281 4166 387 4233 Prqfoni,
397 4179 444 4214 uon
454 4166 538 4214 initiati
547 4166 679 4223 bissacris,

179 4244 281 4307 ἆμύητοι,
292 4242 417 4296 satamon,
427 4238 569 4304 ἄνοςγίαστοι,
577 4242 618 4302 qui
630 4239 679 4288 nbi-

178 4317 202 4378 gi
214 4315 420 4370 solebantssscn's
431 4313 559 4364 smudctis
569 4315 607 4365 rel
617 4328 681 4378 pra·

740 2284 838 2330 LXIII.
856 2286 879 2328 8.
897 2283 1066 2341 1'0.-proceris
1079 2282 1160 2341 palmis
1181 2281 1205 2328 lr.
1217 2286 1242 2330 e:
1295 2291 1302 2307 '

737 2355 806 2416 longe
819 2355 931 2410 estensis,
944 2364 969 2400 ut
980 2363 1044 2401 recte
1057 2355 1166 2401 Vossius.
1199 2354 1240 2400 Sic

735 2429 850 2489 praemiss
858 2428 982 2488 prq'eotnns
990 2427 1106 2474 broclriam
1116 2427 1180 2487 apud
1187 2426 1240 2474 cte.

738 2504 804 2548 Orat.
814 2502 862 2547 III.
872 2500 1029 2555 59.—'l'otus‚
1039 2501 1079 2560 qui
1090 2501 1196 2560 sequitur
1204 2501 1243 2546 le·

737 2589 787 2630 ons,
799 2582 825 2620 ut
838 2576 949 2619 observat
960 2572 1073 2633 Scaliger,
1090 2573 1241 2620 adumbratus

737 2647 831 2692 ridetur
841 2661 873 2692 ex
883 2643 991 2704 AEschyli
1001 2642 1104 2699 Ἠδωνοῖς,
1116 2646 1184 2704 cujus
1193 2655 1241 2691 trs·

737 2719 821 2778 goecliae
838 2719 1020 2777 fragmentum
1036 2717 1152 2762 Strabone
1171 2717 1238 2764 on.

737 2797 853 2837 servatum
864 2796 909 2836 est.

770 2865 826 2913 263.
838 2863 886 2909 slat
896 2870 961 2908 teret.
970 2871 1047 2909 sericos
1057 2863 1135 2908 tinnit.
1143 2867 1242 2910 aream

736 2948 781 2981 non
799 2927 886 2982 crotolo
906 2949 959 2980 cum
984 2933 1079 2994 Vulpis,
1102 2934 1143 2981 sed
1160 2934 1242 2996 potius

735 3007 835 3069 cymbalo
846 3005 960 3066 intellige,
977 3021 1030 3066 qnae
1048 3021 1140 3066 semper
1157 3005 1181 3052 iu
1200 3007 1242 3055 bie

736 3078 809 3125 moris
833 3081 963 3139 jungantur
989 3077 1118 3143 tympanis.
1164 3078 1244 3126 Erus

736 3167 831 3199 concavo
840 3151 924 3216 (Ovio.
937 3152 995 3197 Met.
1007 3152 1050 3196 1v.
1058 3147 1113 3212 302.)
1121 3159 1146 3198 et
1156 3159 1241 3201 smum

734 3225 765 3270 da
775 3225 894 3289 (Propert.
904 3223 947 3270 IV.
959 3226 982 3269 7.
995 3222 1049 3286 61.)
1060 3231 1130 3284 atque
1141 3223 1202 3271 iuter
1210 3239 1238 3271 ss

734 3310 848 3343 concussa
862 3286 971 3343 nissritbm
986 3303 1075 3342 lenirem
1086 3296 1125 3342 vel
1144 3303 1240 3345 eminus

734 3368 843 3414 edebant.
855 3369 885 3413 ot.
897 3367 999 3414 Gonsela
1010 3369 1041 3414 ad
1054 3368 1148 3414 Petron.
1161 3384 1182 3414 o.
1195 3371 1235 3419 22.

734 3441 810 3489 Itecte
822 3441 895 3501 igitur
911 3441 1036 3503 nmmum
1052 3447 1151 3487 vocatur
1165 3455 1195 3489 as
1204 3450 1238 3491 te·

733 3529 775 3569 res,
791 3514 814 3558 b.
826 3530 847 3559 e.
864 3514 989 3559 rotundum
1010 3520 1034 3559 et
1051 3514 1184 3576 oblongum.
1203 3514 1237 3564 da

732 3586 837 3649 cymbalis
849 3586 898 3632 rid.
908 3601 950 3631 nos
960 3587 989 3632 nd
1000 3585 1183 3641 camaxrlr.
1195 3591 1235 3636 21.

766 3662 822 3706 264.
842 3661 899 3706 265.
928 3658 1011 3706 Multis
1028 3661 1140 3706 rosamo.
1160 3657 1235 3722 effla&

731 3749 794 3780 corn.
805 3733 873 3779 lomb.
883 3749 889 3778 z
900 3728 977 3779 miritis
988 3739 1026 3780 est
1036 3748 1103 3780 meus
1114 3734 1234 3781 tertiaeet

732 3805 873 3865 exquisitius
884 3806 975 3852 dictum
985 3816 1029 3865 pro
1042 3804 1131 3865 vulgari
1143 3807 1239 3854 “multi-

732 3879 841 3925 cornibus
851 3878 924 3925 efflab.
932 3894 1015 3926 raucos
1023 3878 1121 3924 bombos
1129 3877 1152 3937 ;''
1163 3894 1233 3940 qun

731 3941 823 4010 quidem
835 3951 1024 4012 explicationem,
1041 3950 1097 3996 olim
1106 3953 1155 4012 J'sm
1167 3968 1181 3999 s
1191 3967 1233 4000 so·

732 4023 768 4068 bis
779 4023 871 4078 datam,
883 4037 930 4074 non
942 4022 1102 4070 dubitevimus
1117 4031 1233 4085 repetere.

730 4095 879 4141 —Goeterura
890 4096 937 4141 buc
947 4095 1150 4158 pertinetIrucian.
1162 4100 1193 4144 1).
1200 4099 1234 4145 D.

731 4167 794 4213 XII.
806 4165 855 4222 idi,
866 4167 970 4228 ἇυλεῖτῷ
980 4165 1060 4230 sipara,
1072 4169 1082 4214 ὅ
1093 4168 1124 4225 di,
1135 4167 1232 4230 ἰπιθομ-

729 4239 767 4292 βιῒ
774 4239 807 4298 roi
813 4238 1066 4302 commolimus-omi
1073 4240 1106 4301 rei
1114 4240 1230 4304 moditor

729 4312 819 4369 ubine
839 4311 901 4374 quis,
924 4313 1091 4374 renigoti,
1111 4314 1236 4363 diversam
