<?xml version="1.0" encoding="UTF-8"?>
<!DOCTYPE html PUBLIC "-//W3C//DTD XHTML 1.0 Transitional//EN"
    "http://www.w3.org/TR/xhtml1/DTD/xhtml1-transitional.dtd">
<html xmlns="http://www.w3.org/1999/xhtml" xml:lang="en" lang="en">
 <head>
  <title>
</title>
<meta http-equiv="Content-Type" content="text/html;charset=utf-8" />
  <meta name='ocr-system' content='tesseract 3.04.00' />
  <meta name='ocr-capabilities' content='ocr_page ocr_carea ocr_par ocr_line ocrx_word'/>
</head>
<body>
  <div class='ocr_page' id='page_1' title='image "./cvaleriicatulli00handgoog_0053.png"; bbox 0 0 2872 4972; ppageno 0'>
   <div class='ocr_carea' id='block_1_1' title="bbox 438 366 1010 440">
    <p class='ocr_par' dir='ltr' id='par_1_1' title="bbox 438 366 1010 440">
     <span class='ocr_line' id='line_1_1' title="bbox 438 366 1010 440; baseline 0.014 -8"><span class='ocrx_word' id='word_1_1' title='bbox 438 366 479 432; x_wconf 79' lang='grc' dir='ltr'>Ο.</span> <span class='ocrx_word' id='word_1_2' title='bbox 503 366 742 436; x_wconf 85' lang='lat' dir='ltr'><strong>VALERII</strong></span> <span class='ocrx_word' id='word_1_3' title='bbox 769 369 1010 440; x_wconf 77' lang='lat' dir='ltr'><strong>GATULLI</strong></span> 
     </span>
    </p>
   </div>
   <div class='ocr_carea' id='block_1_2' title="bbox 219 468 232 497">
    <p class='ocr_par' dir='ltr' id='par_1_2' title="bbox 219 468 232 497">
     <span class='ocr_line' id='line_1_2' title="bbox 219 468 232 497; baseline 0 0"><span class='ocrx_word' id='word_1_4' title='bbox 219 468 232 497; x_wconf 84' lang='grc' dir='ltr'><em>Ι</em></span> 
     </span>
    </p>
   </div>
   <div class='ocr_carea' id='block_1_3' title="bbox 327 550 921 757">
    <p class='ocr_par' dir='ltr' id='par_1_3' title="bbox 327 550 921 757">
     <span class='ocr_line' id='line_1_3' title="bbox 329 550 921 641; baseline 0.01 -25"><span class='ocrx_word' id='word_1_5' title='bbox 329 550 466 617; x_wconf 90' lang='lat' dir='ltr'>Pernici</span> <span class='ocrx_word' id='word_1_6' title='bbox 480 553 655 619; x_wconf 82' lang='lat' dir='ltr'>aureolum</span> <span class='ocrx_word' id='word_1_7' title='bbox 669 555 770 622; x_wconf 83' lang='lat' dir='ltr'>luisse</span> <span class='ocrx_word' id='word_1_8' title='bbox 786 559 921 641; x_wconf 84' lang='lat' dir='ltr'>malum,</span> 
     </span>
     <span class='ocr_line' id='line_1_4' title="bbox 327 659 916 757; baseline 0.014 -32"><span class='ocrx_word' id='word_1_9' title='bbox 327 659 427 740; x_wconf 83' lang='lat' dir='ltr'>Quod</span> <span class='ocrx_word' id='word_1_10' title='bbox 439 685 559 729; x_wconf 84' lang='lat' dir='ltr'>zonam</span> <span class='ocrx_word' id='word_1_11' title='bbox 576 665 680 732; x_wconf 87' lang='lat' dir='ltr'>soluit</span> <span class='ocrx_word' id='word_1_12' title='bbox 694 668 752 733; x_wconf 90' lang='lat' dir='ltr'>diu</span> <span class='ocrx_word' id='word_1_13' title='bbox 767 667 916 757; x_wconf 82' lang='lat' dir='ltr'>ligatum.</span> 
     </span>
    </p>
   </div>
   <div class='ocr_carea' id='block_1_4' title="bbox 192 816 1251 1321">
    <p class='ocr_par' dir='ltr' id='par_1_4' title="bbox 192 816 1251 1321">
     <span class='ocr_line' id='line_1_5' title="bbox 196 816 1249 890; baseline 0.009 -28"><span class='ocrx_word' id='word_1_14' title='bbox 196 816 265 864; x_wconf 81' lang='lat' dir='ltr'>t&#39;orot.</span> <span class='ocrx_word' id='word_1_15' title='bbox 282 816 375 867; x_wconf 82' lang='lat' dir='ltr'>Pernioi</span> <span class='ocrx_word' id='word_1_16' title='bbox 382 821 472 882; x_wconf 69' lang='lat' dir='ltr'>psalle,</span> <span class='ocrx_word' id='word_1_17' title='bbox 482 822 606 880; x_wconf 69' lang='lat' dir='ltr'>Atalante,</span> <span class='ocrx_word' id='word_1_18' title='bbox 618 825 698 875; x_wconf 72' lang='lat' dir='ltr'>sene·</span> <span class='ocrx_word' id='word_1_19' title='bbox 748 833 794 884; x_wconf 88' lang='lat' dir='ltr'>tur,</span> <span class='ocrx_word' id='word_1_20' title='bbox 801 828 939 890; x_wconf 84' lang='lat' dir='ltr'>quitundem</span> <span class='ocrx_word' id='word_1_21' title='bbox 949 843 1030 876; x_wconf 80' lang='lat' dir='ltr'>zonam</span> <span class='ocrx_word' id='word_1_22' title='bbox 1041 826 1152 875; x_wconf 81' lang='lat' dir='ltr'>solueret.</span> <span class='ocrx_word' id='word_1_23' title='bbox 1168 824 1249 872; x_wconf 85' lang='lat' dir='ltr'>Solve-</span> 
     </span>
     <span class='ocr_line' id='line_1_6' title="bbox 194 887 1250 962; baseline 0.014 -30"><span class='ocrx_word' id='word_1_24' title='bbox 194 888 233 935; x_wconf 85' lang='lat' dir='ltr'>nei</span> <span class='ocrx_word' id='word_1_25' title='bbox 244 887 307 946; x_wconf 73' lang='lat' dir='ltr'>filio,</span> <span class='ocrx_word' id='word_1_26' title='bbox 325 906 377 951; x_wconf 75' lang='lat' dir='ltr'>quae</span> <span class='ocrx_word' id='word_1_27' title='bbox 387 907 457 941; x_wconf 88' lang='lat' dir='ltr'>cursu</span> <span class='ocrx_word' id='word_1_28' title='bbox 470 895 568 943; x_wconf 76' lang='lat' dir='ltr'>uerterit</span> <span class='ocrx_word' id='word_1_29' title='bbox 582 913 633 945; x_wconf 91' lang='lat' dir='ltr'>oum</span> <span class='ocrx_word' id='word_1_30' title='bbox 644 913 699 960; x_wconf 90' lang='lat' dir='ltr'>pro·</span> <span class='ocrx_word' id='word_1_31' title='bbox 737 889 817 948; x_wconf 50' lang='lat' dir='ltr'>vbatur</span> <span class='ocrx_word' id='word_1_32' title='bbox 828 907 905 948; x_wconf 87' lang='lat' dir='ltr'>autem</span> <span class='ocrx_word' id='word_1_33' title='bbox 916 915 1033 962; x_wconf 62' lang='lat' dir='ltr'>eoumque</span> <span class='ocrx_word' id='word_1_34' title='bbox 1046 897 1152 959; x_wconf 77' lang='lat' dir='ltr'>virgines</span> <span class='ocrx_word' id='word_1_35' title='bbox 1167 902 1250 942; x_wconf 78' lang='lat' dir='ltr'>oontn</span> 
     </span>
     <span class='ocr_line' id='line_1_7' title="bbox 195 959 1250 1035; baseline 0.007 -29"><span class='ocrx_word' id='word_1_36' title='bbox 195 959 230 1007; x_wconf 87' lang='lat' dir='ltr'>eis</span> <span class='ocrx_word' id='word_1_37' title='bbox 239 960 487 1018; x_wconf 68' lang='lat' dir='ltr'>suisetvietsnudem</span> <span class='ocrx_word' id='word_1_38' title='bbox 494 968 585 1033; x_wconf 83' lang='lat' dir='ltr'>objeoto</span> <span class='ocrx_word' id='word_1_39' title='bbox 592 971 652 1018; x_wconf 81' lang='lat' dir='ltr'>melo</span> <span class='ocrx_word' id='word_1_40' title='bbox 659 987 700 1018; x_wconf 86' lang='lat' dir='ltr'>su·</span> <span class='ocrx_word' id='word_1_41' title='bbox 747 973 795 1022; x_wconf 77' lang='lat' dir='ltr'>vim</span> <span class='ocrx_word' id='word_1_42' title='bbox 806 968 985 1021; x_wconf 80' lang='lat' dir='ltr'>libidinosorum</span> <span class='ocrx_word' id='word_1_43' title='bbox 1003 971 1136 1035; x_wconf 76' lang='lat' dir='ltr'>psoeoiuutae</span> <span class='ocrx_word' id='word_1_44' title='bbox 1147 970 1250 1024; x_wconf 82' lang='lat' dir='ltr'>luerunt,</span> 
     </span>
     <span class='ocr_line' id='line_1_8' title="bbox 193 1035 1250 1106; baseline 0.008 -29"><span class='ocrx_word' id='word_1_45' title='bbox 193 1035 478 1098; x_wconf 86' lang='lat' dir='ltr'>reouupaitHippomeni.</span> <span class='ocrx_word' id='word_1_46' title='bbox 494 1041 565 1088; x_wconf 78' lang='lat' dir='ltr'>Ouid.</span> <span class='ocrx_word' id='word_1_47' title='bbox 574 1042 697 1091; x_wconf 73' lang='lat' dir='ltr'>Metamor.</span> <span class='ocrx_word' id='word_1_48' title='bbox 747 1060 857 1106; x_wconf 87' lang='lat' dir='ltr'>uspouso</span> <span class='ocrx_word' id='word_1_49' title='bbox 869 1045 945 1106; x_wconf 86' lang='lat' dir='ltr'>primo</span> <span class='ocrx_word' id='word_1_50' title='bbox 957 1044 1090 1093; x_wconf 76' lang='lat' dir='ltr'>concubitu.</span> <span class='ocrx_word' id='word_1_51' title='bbox 1117 1041 1250 1102; x_wconf 75' lang='lat' dir='ltr'>Diligenter</span> 
     </span>
     <span class='ocr_line' id='line_1_9' title="bbox 194 1105 1251 1173; baseline 0.01 -22"><span class='ocrx_word' id='word_1_52' title='bbox 194 1105 295 1154; x_wconf 87' lang='lat' dir='ltr'>X.609.</span> <span class='ocrx_word' id='word_1_53' title='bbox 318 1111 564 1160; x_wconf 81' lang='lat' dir='ltr'>Fuernutautemduoe</span> <span class='ocrx_word' id='word_1_54' title='bbox 573 1113 698 1173; x_wconf 81' lang='lat' dir='ltr'>Atalantae,</span> <span class='ocrx_word' id='word_1_55' title='bbox 747 1123 772 1165; x_wconf 87' lang='lat' dir='ltr'>et</span> <span class='ocrx_word' id='word_1_56' title='bbox 791 1116 843 1164; x_wconf 83' lang='lat' dir='ltr'>luae</span> <span class='ocrx_word' id='word_1_57' title='bbox 863 1118 934 1165; x_wconf 87' lang='lat' dir='ltr'>huno·</span> <span class='ocrx_word' id='word_1_58' title='bbox 948 1132 1036 1165; x_wconf 87' lang='lat' dir='ltr'>murem</span> <span class='ocrx_word' id='word_1_59' title='bbox 1060 1120 1187 1163; x_wconf 72' lang='lat' dir='ltr'>exsecutus</span> <span class='ocrx_word' id='word_1_60' title='bbox 1213 1116 1251 1158; x_wconf 83' lang='lat' dir='ltr'>eat</span> 
     </span>
     <span class='ocr_line' id='line_1_10' title="bbox 192 1183 1248 1250; baseline 0.012 -25"><span class='ocrx_word' id='word_1_61' title='bbox 192 1183 494 1241; x_wconf 81' lang='lat' dir='ltr'>quaesaepeoonluuduntur.</span> <span class='ocrx_word' id='word_1_62' title='bbox 510 1186 564 1235; x_wconf 88' lang='lat' dir='ltr'>Vid.</span> <span class='ocrx_word' id='word_1_63' title='bbox 572 1187 696 1250; x_wconf 77' lang='lat' dir='ltr'>spanhem.</span> <span class='ocrx_word' id='word_1_64' title='bbox 746 1190 891 1239; x_wconf 76' lang='lat' dir='ltr'>Schraderus</span> <span class='ocrx_word' id='word_1_65' title='bbox 906 1190 936 1239; x_wconf 84' lang='lat' dir='ltr'>ad</span> <span class='ocrx_word' id='word_1_66' title='bbox 947 1191 1062 1238; x_wconf 74' lang='lat' dir='ltr'>Musaeum</span> <span class='ocrx_word' id='word_1_67' title='bbox 1074 1203 1100 1250; x_wconf 88' lang='lat' dir='ltr'>p.</span> <span class='ocrx_word' id='word_1_68' title='bbox 1109 1188 1248 1236; x_wconf 78' lang='lat'><strong>343—349·</strong></span> 
     </span>
     <span class='ocr_line' id='line_1_11' title="bbox 195 1250 1248 1321; baseline 0.012 -25"><span class='ocrx_word' id='word_1_69' title='bbox 195 1250 224 1296; x_wconf 86' lang='lat' dir='ltr'>ad</span> <span class='ocrx_word' id='word_1_70' title='bbox 236 1252 370 1303; x_wconf 76' lang='lat' dir='ltr'>Callimaoh.</span> <span class='ocrx_word' id='word_1_71' title='bbox 387 1256 475 1319; x_wconf 78' lang='lat' dir='ltr'>Hymu.</span> <span class='ocrx_word' id='word_1_72' title='bbox 486 1259 510 1306; x_wconf 90' lang='lat' dir='ltr'>in</span> <span class='ocrx_word' id='word_1_73' title='bbox 521 1260 592 1307; x_wconf 81' lang='lat' dir='ltr'>Dian.</span> <span class='ocrx_word' id='word_1_74' title='bbox 600 1264 657 1309; x_wconf 74' lang='lat'>216.</span> <span class='ocrx_word' id='word_1_75' title='bbox 672 1271 696 1310; x_wconf 86' lang='lat' dir='ltr'>et</span> <span class='ocrx_word' id='word_1_76' title='bbox 745 1262 776 1308; x_wconf 88' lang='lat' dir='ltr'>of.</span> <span class='ocrx_word' id='word_1_77' title='bbox 799 1262 894 1310; x_wconf 79' lang='lat' dir='ltr'>Ernesti</span> <span class='ocrx_word' id='word_1_78' title='bbox 915 1254 1203 1321; x_wconf 65' lang='lat' dir='ltr'>ad&#39;calliniach.sfl5mn.</span> <span class='ocrx_word' id='word_1_79' title='bbox 1223 1256 1248 1303; x_wconf 78' lang='lat' dir='ltr'>in</span> 
     </span>
    </p>
   </div>
   <div class='ocr_carea' id='block_1_5' title="bbox 193 1322 1249 1382">
    <p class='ocr_par' dir='ltr' id='par_1_5' title="bbox 193 1322 1249 1382">
     <span class='ocr_line' id='line_1_12' title="bbox 193 1322 1249 1382; baseline 0.007 -14"><span class='ocrx_word' id='word_1_80' title='bbox 193 1322 303 1372; x_wconf 81' lang='lat' dir='ltr'>Perizon.</span> <span class='ocrx_word' id='word_1_81' title='bbox 323 1328 352 1374; x_wconf 91' lang='lat' dir='ltr'>ad</span> <span class='ocrx_word' id='word_1_82' title='bbox 364 1328 451 1377; x_wconf 81' lang='lat' dir='ltr'>AElisn.</span> <span class='ocrx_word' id='word_1_83' title='bbox 462 1330 520 1378; x_wconf 82' lang='lat' dir='ltr'>Lib.-</span> <span class='ocrx_word' id='word_1_84' title='bbox 531 1332 568 1380; x_wconf 87' lang='lat' dir='ltr'>X.</span> <span class='ocrx_word' id='word_1_85' title='bbox 584 1349 605 1380; x_wconf 85' lang='lat' dir='ltr'>o.</span> <span class='ocrx_word' id='word_1_86' title='bbox 617 1337 641 1382; x_wconf 86' lang='lat'>1.</span> <span class='ocrx_word' id='word_1_87' title='bbox 744 1334 815 1381; x_wconf 86' lang='lat' dir='ltr'>Dian.</span> <span class='ocrx_word' id='word_1_88' title='bbox 827 1337 867 1382; x_wconf 87' lang='lat'>16.</span> <span class='ocrx_word' id='word_1_89' title='bbox 883 1338 908 1380; x_wconf 88' lang='lat' dir='ltr'>et</span> <span class='ocrx_word' id='word_1_90' title='bbox 919 1336 1045 1382; x_wconf 87' lang='lat' dir='ltr'>Burmann.</span> <span class='ocrx_word' id='word_1_91' title='bbox 1061 1333 1094 1380; x_wconf 75' lang='lat' dir='ltr'>ad</span> <span class='ocrx_word' id='word_1_92' title='bbox 1110 1330 1182 1380; x_wconf 78' lang='lat' dir='ltr'>ovid.</span> <span class='ocrx_word' id='word_1_93' title='bbox 1198 1330 1249 1377; x_wconf 84' lang='lat' dir='ltr'>He·</span> 
     </span>
    </p>
   </div>
   <div class='ocr_carea' id='block_1_6' title="bbox 193 1397 965 1533">
    <p class='ocr_par' dir='ltr' id='par_1_6' title="bbox 193 1397 965 1533">
     <span class='ocr_line' id='line_1_13' title="bbox 227 1397 965 1468; baseline 0.018 -25"><span class='ocrx_word' id='word_1_94' title='bbox 227 1400 266 1445; x_wconf 82' lang='lat'>13.</span> <span class='ocrx_word' id='word_1_95' title='bbox 273 1397 338 1451; x_wconf 81' lang='lat' dir='ltr'>Quod</span> <span class='ocrx_word' id='word_1_96' title='bbox 345 1415 422 1450; x_wconf 79' lang='lat' dir='ltr'>sonam</span> <span class='ocrx_word' id='word_1_97' title='bbox 428 1403 466 1450; x_wconf 86' lang='lat' dir='ltr'>sol.</span> <span class='ocrx_word' id='word_1_98' title='bbox 472 1404 494 1451; x_wconf 86' lang='lat' dir='ltr'>d.</span> <span class='ocrx_word' id='word_1_99' title='bbox 501 1405 624 1468; x_wconf 72' lang='lat' dir='ltr'>ligatlne.</span> <span class='ocrx_word' id='word_1_100' title='bbox 632 1407 693 1467; x_wconf 89' lang='lat' dir='ltr'>quud</span> <span class='ocrx_word' id='word_1_101' title='bbox 745 1406 804 1455; x_wconf 86' lang='lat' dir='ltr'>ried.</span> <span class='ocrx_word' id='word_1_102' title='bbox 815 1422 853 1468; x_wconf 85' lang='lat' dir='ltr'>ep.</span> <span class='ocrx_word' id='word_1_103' title='bbox 861 1408 897 1455; x_wconf 89' lang='lat'>11.</span> <span class='ocrx_word' id='word_1_104' title='bbox 909 1410 965 1456; x_wconf 88' lang='lat'><strong>116.</strong></span> 
     </span>
     <span class='ocr_line' id='line_1_14' title="bbox 193 1467 694 1533; baseline 0.026 -18"><span class='ocrx_word' id='word_1_105' title='bbox 193 1467 279 1516; x_wconf 77' lang='lat' dir='ltr'>malum</span> <span class='ocrx_word' id='word_1_106' title='bbox 290 1485 384 1521; x_wconf 87' lang='lat' dir='ltr'>aureum</span> <span class='ocrx_word' id='word_1_107' title='bbox 395 1475 481 1533; x_wconf 83' lang='lat' dir='ltr'>sffeoit,</span> <span class='ocrx_word' id='word_1_108' title='bbox 493 1484 518 1524; x_wconf 88' lang='lat' dir='ltr'>ut</span> <span class='ocrx_word' id='word_1_109' title='bbox 530 1478 580 1526; x_wconf 87' lang='lat' dir='ltr'>viro</span> <span class='ocrx_word' id='word_1_110' title='bbox 591 1480 694 1527; x_wconf 70' lang='lat' dir='ltr'>naum·</span> 
     </span>
    </p>
   </div>
   <div class='ocr_carea' id='block_1_7' title="bbox 529 1594 905 1878">
    <p class='ocr_par' dir='ltr' id='par_1_7' title="bbox 529 1594 905 1878">
     <span class='ocr_line' id='line_1_15' title="bbox 614 1594 824 1693; baseline 0 -12"><span class='ocrx_word' id='word_1_111' title='bbox 614 1594 824 1693; x_wconf 53' lang='lat'>..44-</span> 
     </span>
     <span class='ocr_line' id='line_1_16' title="bbox 529 1792 905 1878; baseline 0.003 -2"><span class='ocrx_word' id='word_1_112' title='bbox 529 1792 791 1878; x_wconf 88' lang='lat' dir='ltr'><strong>CARMEN</strong></span> <span class='ocrx_word' id='word_1_113' title='bbox 821 1795 905 1878; x_wconf 92' lang='grc' dir='ltr'><strong>ΙΙΙ.</strong></span> 
     </span>
    </p>
   </div>
   <div class='ocr_carea' id='block_1_8' title="bbox 469 1970 969 2020">
    <p class='ocr_par' dir='ltr' id='par_1_8' title="bbox 469 1970 969 2020">
     <span class='ocr_line' id='line_1_17' title="bbox 469 1970 969 2020; baseline -0.002 -3"><span class='ocrx_word' id='word_1_114' title='bbox 469 1970 596 2018; x_wconf 79' lang='lat' dir='ltr'><strong>LUO&#39;I&#39;US</strong></span> <span class='ocrx_word' id='word_1_115' title='bbox 617 1970 653 2019; x_wconf 86' lang='lat' dir='ltr'>IN</span> <span class='ocrx_word' id='word_1_116' title='bbox 670 1971 786 2020; x_wconf 78' lang='lat' dir='ltr'>MORTE</span> <span class='ocrx_word' id='word_1_117' title='bbox 803 1970 969 2020; x_wconf 68' lang='lat' dir='ltr'>pessume.</span> 
     </span>
    </p>
   </div>
   <div class='ocr_carea' id='block_1_9' title="bbox 315 2079 1046 2392">
    <p class='ocr_par' dir='ltr' id='par_1_9' title="bbox 315 2079 1046 2392">
     <span class='ocr_line' id='line_1_18' title="bbox 319 2079 983 2188; baseline -0.003 -39"><span class='ocrx_word' id='word_1_118' title='bbox 319 2080 488 2188; x_wconf 72' lang='lat' dir='ltr'>Lounuu,</span> <span class='ocrx_word' id='word_1_119' title='bbox 505 2103 526 2146; x_wconf 94' lang='lat' dir='ltr'>o</span> <span class='ocrx_word' id='word_1_120' title='bbox 537 2079 701 2165; x_wconf 82' lang='lat' dir='ltr'>Veneres,</span> <span class='ocrx_word' id='word_1_121' title='bbox 718 2081 983 2170; x_wconf 81' lang='lat' dir='ltr'>Cupidinesque,</span> 
     </span>
     <span class='ocr_line' id='line_1_19' title="bbox 317 2192 1046 2282; baseline 0 -25"><span class='ocrx_word' id='word_1_122' title='bbox 317 2192 365 2258; x_wconf 78' lang='lat' dir='ltr'>nt</span> <span class='ocrx_word' id='word_1_123' title='bbox 378 2199 540 2282; x_wconf 84' lang='lat' dir='ltr'>quantum</span> <span class='ocrx_word' id='word_1_124' title='bbox 555 2200 604 2258; x_wconf 86' lang='lat' dir='ltr'>est</span> <span class='ocrx_word' id='word_1_125' title='bbox 617 2193 789 2259; x_wconf 91' lang='lat' dir='ltr'>hominum</span> <span class='ocrx_word' id='word_1_126' title='bbox 803 2192 1046 2270; x_wconf 79' lang='lat' dir='ltr'>venustiorem.</span> 
     </span>
     <span class='ocr_line' id='line_1_20' title="bbox 315 2303 921 2392; baseline -0.002 -21"><span class='ocrx_word' id='word_1_127' title='bbox 315 2303 440 2371; x_wconf 83' lang='lat' dir='ltr'>Passer</span> <span class='ocrx_word' id='word_1_128' title='bbox 454 2311 605 2370; x_wconf 88' lang='lat' dir='ltr'>mortuus</span> <span class='ocrx_word' id='word_1_129' title='bbox 619 2312 671 2370; x_wconf 86' lang='lat' dir='ltr'>est</span> <span class='ocrx_word' id='word_1_130' title='bbox 687 2327 770 2371; x_wconf 76' lang='lat' dir='ltr'>mese</span> <span class='ocrx_word' id='word_1_131' title='bbox 785 2304 921 2392; x_wconf 81' lang='lat' dir='ltr'>puellae,</span> 
     </span>
    </p>
   </div>
   <div class='ocr_carea' id='block_1_10' title="bbox 184 2463 1242 3618">
    <p class='ocr_par' dir='ltr' id='par_1_10' title="bbox 184 2463 1242 3618">
     <span class='ocr_line' id='line_1_21' title="bbox 192 2463 1242 2529; baseline 0.009 -18"><span class='ocrx_word' id='word_1_132' title='bbox 192 2475 196 2483; x_wconf 85' lang='lat'><em>·</em></span> <span class='ocrx_word' id='word_1_133' title='bbox 220 2463 300 2512; x_wconf 84' lang='lat' dir='ltr'>Deflet</span> <span class='ocrx_word' id='word_1_134' title='bbox 310 2464 381 2526; x_wconf 71' lang='lat' dir='ltr'>pnite</span> <span class='ocrx_word' id='word_1_135' title='bbox 391 2463 415 2513; x_wconf 85' lang='lat' dir='ltr'>iu</span> <span class='ocrx_word' id='word_1_136' title='bbox 425 2465 470 2514; x_wconf 86' lang='lat' dir='ltr'>hoo</span> <span class='ocrx_word' id='word_1_137' title='bbox 482 2465 690 2517; x_wconf 85' lang='lat' dir='ltr'>earmiuemortem</span> <span class='ocrx_word' id='word_1_138' title='bbox 739 2482 809 2522; x_wconf 85' lang='lat' dir='ltr'>mam,</span> <span class='ocrx_word' id='word_1_139' title='bbox 827 2465 869 2513; x_wconf 89' lang='lat' dir='ltr'>sed</span> <span class='ocrx_word' id='word_1_140' title='bbox 884 2465 914 2512; x_wconf 86' lang='lat' dir='ltr'>ad</span> <span class='ocrx_word' id='word_1_141' title='bbox 930 2480 1019 2514; x_wconf 85' lang='lat' dir='ltr'>morum</span> <span class='ocrx_word' id='word_1_142' title='bbox 1031 2468 1242 2529; x_wconf 72' lang='lat' dir='ltr'>seposueritatem</span> 
     </span>
     <span class='ocr_line' id='line_1_22' title="bbox 187 2536 1242 2603; baseline 0.006 -17"><span class='ocrx_word' id='word_1_143' title='bbox 187 2537 290 2600; x_wconf 86' lang='lat' dir='ltr'>passeris</span> <span class='ocrx_word' id='word_1_144' title='bbox 302 2537 405 2596; x_wconf 81' lang='lat' dir='ltr'>Lesbiae,</span> <span class='ocrx_word' id='word_1_145' title='bbox 421 2554 489 2603; x_wconf 87' lang='lat' dir='ltr'>quem</span> <span class='ocrx_word' id='word_1_146' title='bbox 502 2547 580 2596; x_wconf 83' lang='lat' dir='ltr'>vocat,</span> <span class='ocrx_word' id='word_1_147' title='bbox 597 2539 689 2596; x_wconf 84' lang='lat' dir='ltr'>melliti,</span> <span class='ocrx_word' id='word_1_148' title='bbox 740 2543 765 2585; x_wconf 87' lang='lat' dir='ltr'>et</span> <span class='ocrx_word' id='word_1_149' title='bbox 784 2536 922 2600; x_wconf 77' lang='lat' dir='ltr'>elegautium</span> <span class='ocrx_word' id='word_1_150' title='bbox 945 2539 1052 2596; x_wconf 82' lang='lat' dir='ltr'>retertur,</span> <span class='ocrx_word' id='word_1_151' title='bbox 1074 2546 1098 2587; x_wconf 87' lang='lat' dir='ltr'>et</span> <span class='ocrx_word' id='word_1_152' title='bbox 1117 2541 1180 2589; x_wconf 80' lang='lat' dir='ltr'>idem</span> <span class='ocrx_word' id='word_1_153' title='bbox 1197 2550 1242 2601; x_wconf 88' lang='lat' dir='ltr'>est,</span> 
     </span>
     <span class='ocr_line' id='line_1_23' title="bbox 186 2609 1241 2675; baseline 0.008 -19"><span class='ocrx_word' id='word_1_154' title='bbox 186 2610 229 2657; x_wconf 80' lang='lat' dir='ltr'>aed</span> <span class='ocrx_word' id='word_1_155' title='bbox 248 2609 316 2657; x_wconf 87' lang='lat' dir='ltr'>melle</span> <span class='ocrx_word' id='word_1_156' title='bbox 337 2610 483 2674; x_wconf 62' lang='lat' dir='ltr'>pluloius·eat</span> <span class='ocrx_word' id='word_1_157' title='bbox 499 2611 577 2674; x_wconf 84' lang='lat' dir='ltr'>ipsum</span> <span class='ocrx_word' id='word_1_158' title='bbox 595 2627 689 2663; x_wconf 72' lang='lat' dir='ltr'>cumen</span> <span class='ocrx_word' id='word_1_159' title='bbox 740 2610 804 2673; x_wconf 77' lang='lat' dir='ltr'>quud</span> <span class='ocrx_word' id='word_1_160' title='bbox 816 2610 896 2660; x_wconf 89' lang='lat' dir='ltr'>uobis:</span> <span class='ocrx_word' id='word_1_161' title='bbox 913 2611 983 2674; x_wconf 83' lang='lat' dir='ltr'>artig,</span> <span class='ocrx_word' id='word_1_162' title='bbox 992 2611 1083 2675; x_wconf 81' lang='lat' dir='ltr'>gelant,</span> <span class='ocrx_word' id='word_1_163' title='bbox 1099 2613 1160 2661; x_wconf 84' lang='lat' dir='ltr'>infru</span> <span class='ocrx_word' id='word_1_164' title='bbox 1170 2632 1241 2664; x_wconf 87' lang='lat' dir='ltr'>oarm.</span> 
     </span>
     <span class='ocr_line' id='line_1_24' title="bbox 186 2681 1241 2749; baseline 0.007 -21"><span class='ocrx_word' id='word_1_165' title='bbox 186 2681 303 2730; x_wconf 80' lang='lat' dir='ltr'>flebilibus</span> <span class='ocrx_word' id='word_1_166' title='bbox 314 2683 390 2731; x_wconf 88' lang='lat' dir='ltr'>modis</span> <span class='ocrx_word' id='word_1_167' title='bbox 400 2684 526 2736; x_wconf 83' lang='lat' dir='ltr'>deductum</span> <span class='ocrx_word' id='word_1_168' title='bbox 538 2692 562 2734; x_wconf 90' lang='lat' dir='ltr'>et</span> <span class='ocrx_word' id='word_1_169' title='bbox 571 2685 641 2747; x_wconf 81' lang='lat' dir='ltr'>plano</span> <span class='ocrx_word' id='word_1_170' title='bbox 659 2685 689 2732; x_wconf 86' lang='lat' dir='ltr'>ud</span> <span class='ocrx_word' id='word_1_171' title='bbox 738 2682 834 2749; x_wconf 77' lang='lat' dir='ltr'>XXII.</span> <span class='ocrx_word' id='word_1_172' title='bbox 842 2685 865 2730; x_wconf 73' lang='lat'>2.</span> <span class='ocrx_word' id='word_1_173' title='bbox 884 2681 946 2729; x_wconf 80' lang='lat' dir='ltr'>homo</span> <span class='ocrx_word' id='word_1_174' title='bbox 957 2691 1112 2740; x_wconf 65' lang='lat' dir='ltr'>conconatur,</span> <span class='ocrx_word' id='word_1_175' title='bbox 1129 2695 1151 2734; x_wconf 80' lang='lat' dir='ltr'>et</span> <span class='ocrx_word' id='word_1_176' title='bbox 1168 2688 1241 2745; x_wconf 59' lang='lat' dir='ltr'>dune,</span> 
     </span>
     <span class='ocr_line' id='line_1_25' title="bbox 186 2752 1241 2824; baseline 0.009 -24"><span class='ocrx_word' id='word_1_177' title='bbox 186 2754 277 2802; x_wconf 86' lang='lat' dir='ltr'>‹loloris</span> <span class='ocrx_word' id='word_1_178' title='bbox 287 2771 380 2804; x_wconf 87' lang='lat' dir='ltr'>sensnm</span> <span class='ocrx_word' id='word_1_179' title='bbox 390 2757 552 2824; x_wconf 81' lang='lat' dir='ltr'>oornpositum.</span> <span class='ocrx_word' id='word_1_180' title='bbox 573 2758 689 2808; x_wconf 71' lang='lat' dir='ltr'>Sirenum</span> <span class='ocrx_word' id='word_1_181' title='bbox 738 2762 762 2802; x_wconf 84' lang='lat' dir='ltr'>st</span> <span class='ocrx_word' id='word_1_182' title='bbox 771 2752 881 2802; x_wconf 68' lang='lat' dir='ltr'>ortanus.</span> <span class='ocrx_word' id='word_1_183' title='bbox 892 2754 968 2802; x_wconf 86' lang='lat' dir='ltr'>XIII.</span> <span class='ocrx_word' id='word_1_184' title='bbox 988 2757 1012 2802; x_wconf 87' lang='grc'>6.</span> <span class='ocrx_word' id='word_1_185' title='bbox 1031 2756 1061 2803; x_wconf 87' lang='lat' dir='ltr'>ad</span> <span class='ocrx_word' id='word_1_186' title='bbox 1072 2758 1195 2807; x_wconf 81' lang='lat' dir='ltr'>Fabullum</span> <span class='ocrx_word' id='word_1_187' title='bbox 1205 2776 1241 2809; x_wconf 82' lang='lat' dir='ltr'>us·</span> 
     </span>
     <span class='ocr_line' id='line_1_26' title="bbox 188 2825 1241 2891; baseline 0.009 -18"><span class='ocrx_word' id='word_1_188' title='bbox 188 2832 234 2884; x_wconf 85' lang='lat' dir='ltr'>ast,</span> <span class='ocrx_word' id='word_1_189' title='bbox 243 2827 306 2888; x_wconf 82' lang='lat' dir='ltr'>quod</span> <span class='ocrx_word' id='word_1_190' title='bbox 321 2829 468 2878; x_wconf 85' lang='lat' dir='ltr'>verissimum</span> <span class='ocrx_word' id='word_1_191' title='bbox 481 2837 549 2891; x_wconf 89' lang='lat' dir='ltr'>puto,</span> <span class='ocrx_word' id='word_1_192' title='bbox 564 2829 688 2881; x_wconf 79' lang='lat' dir='ltr'>maximum</span> <span class='ocrx_word' id='word_1_193' title='bbox 738 2825 803 2873; x_wconf 69' lang='lat' dir='ltr'>nune</span> <span class='ocrx_word' id='word_1_194' title='bbox 813 2834 902 2875; x_wconf 64' lang='lat' dir='ltr'>emtor.</span> <span class='ocrx_word' id='word_1_195' title='bbox 918 2827 1002 2875; x_wconf 75' lang='lat' dir='ltr'>(lioero</span> <span class='ocrx_word' id='word_1_196' title='bbox 1010 2828 1040 2875; x_wconf 84' lang='lat' dir='ltr'>(le</span> <span class='ocrx_word' id='word_1_197' title='bbox 1049 2831 1113 2877; x_wconf 80' lang='lat' dir='ltr'>Oret.</span> <span class='ocrx_word' id='word_1_198' title='bbox 1122 2833 1158 2879; x_wconf 88' lang='grc' dir='ltr'>ΙΙ.</span> <span class='ocrx_word' id='word_1_199' title='bbox 1170 2836 1241 2882; x_wconf 72' lang='lat' dir='ltr'>ose.</span> 
     </span>
     <span class='ocr_line' id='line_1_27' title="bbox 185 2896 1241 2965; baseline -0.003 -18"><span class='ocrx_word' id='word_1_200' title='bbox 185 2906 293 2948; x_wconf 80' lang='lat' dir='ltr'>veterum</span> <span class='ocrx_word' id='word_1_201' title='bbox 308 2901 447 2951; x_wconf 86' lang='lat' dir='ltr'>uuumiuibus</span> <span class='ocrx_word' id='word_1_202' title='bbox 456 2902 594 2965; x_wconf 72' lang='lat' dir='ltr'>dignitatem</span> <span class='ocrx_word' id='word_1_203' title='bbox 610 2901 689 2950; x_wconf 82' lang='lat' dir='ltr'>oonci·</span> <span class='ocrx_word' id='word_1_204' title='bbox 738 2896 782 2945; x_wconf 75' lang='lat' dir='ltr'>Sed</span> <span class='ocrx_word' id='word_1_205' title='bbox 790 2900 947 2947; x_wconf 69' lang='lat' dir='ltr'>stenensium</span> <span class='ocrx_word' id='word_1_206' title='bbox 957 2900 1158 2951; x_wconf 51' lang='lat' dir='ltr'>&amp;munierimus</span> <span class='ocrx_word' id='word_1_207' title='bbox 1167 2914 1190 2953; x_wconf 78' lang='lat' dir='ltr'>at</span> <span class='ocrx_word' id='word_1_208' title='bbox 1198 2920 1241 2953; x_wconf 63' lang='lat' dir='ltr'>or.</span> 
     </span>
     <span class='ocr_line' id='line_1_28' title="bbox 184 2969 1240 3036; baseline 0.008 -17"><span class='ocrx_word' id='word_1_209' title='bbox 184 2970 688 3036; x_wconf 73' lang='lat' dir='ltr'>liarigsuaitateseuteutisrurn,quibusre-</span> <span class='ocrx_word' id='word_1_210' title='bbox 738 2969 876 3018; x_wconf 68' lang='lat' dir='ltr'>banian&#39;mtsr.</span> <span class='ocrx_word' id='word_1_211' title='bbox 909 2972 1045 3022; x_wconf 76' lang='lat' dir='ltr'>Idem-Pro</span> <span class='ocrx_word' id='word_1_212' title='bbox 1068 2976 1145 3023; x_wconf 87' lang='lat' dir='ltr'>Domo</span> <span class='ocrx_word' id='word_1_213' title='bbox 1165 2994 1186 3024; x_wconf 92' lang='lat' dir='ltr'>o.</span> <span class='ocrx_word' id='word_1_214' title='bbox 1199 2981 1240 3027; x_wconf 77' lang='lat'>³4.</span> 
     </span>
     <span class='ocr_line' id='line_1_29' title="bbox 186 3041 1241 3109; baseline 0.007 -18"><span class='ocrx_word' id='word_1_215' title='bbox 186 3050 257 3106; x_wconf 85' lang='lat' dir='ltr'>pente</span> <span class='ocrx_word' id='word_1_216' title='bbox 270 3060 332 3109; x_wconf 77' lang='lat' dir='ltr'>serpe</span> <span class='ocrx_word' id='word_1_217' title='bbox 346 3046 459 3095; x_wconf 84' lang='lat' dir='ltr'>leotorem</span> <span class='ocrx_word' id='word_1_218' title='bbox 475 3045 500 3094; x_wconf 91' lang='lat' dir='ltr'>in</span> <span class='ocrx_word' id='word_1_219' title='bbox 512 3048 581 3096; x_wconf 79' lang='lat' dir='ltr'>rebm</span> <span class='ocrx_word' id='word_1_220' title='bbox 592 3046 688 3094; x_wconf 76' lang='lat' dir='ltr'>ludiosis</span> <span class='ocrx_word' id='word_1_221' title='bbox 739 3041 770 3088; x_wconf 78' lang='lat' dir='ltr'>de</span> <span class='ocrx_word' id='word_1_222' title='bbox 783 3041 895 3091; x_wconf 78' lang='lat' dir='ltr'>luellltute</span> <span class='ocrx_word' id='word_1_223' title='bbox 906 3044 1090 3104; x_wconf 74' lang='lat' dir='ltr'>joanoli-Sermo</span> <span class='ocrx_word' id='word_1_224' title='bbox 1106 3058 1241 3098; x_wconf 73' lang='lat' dir='ltr'>meatem</span> 
     </span>
     <span class='ocr_line' id='line_1_30' title="bbox 186 3114 1240 3184; baseline 0.003 -18"><span class='ocrx_word' id='word_1_225' title='bbox 186 3126 326 3181; x_wconf 80' lang='lat' dir='ltr'>oaonpstum</span> <span class='ocrx_word' id='word_1_226' title='bbox 339 3119 369 3167; x_wconf 81' lang='lat' dir='ltr'>ad</span> <span class='ocrx_word' id='word_1_227' title='bbox 378 3119 438 3168; x_wconf 84' lang='lat' dir='ltr'>saria</span> <span class='ocrx_word' id='word_1_228' title='bbox 449 3121 573 3182; x_wconf 84' lang='lat' dir='ltr'>abripiunt,</span> <span class='ocrx_word' id='word_1_229' title='bbox 584 3120 689 3168; x_wconf 84' lang='lat' dir='ltr'>nomios·</span> <span class='ocrx_word' id='word_1_230' title='bbox 738 3114 847 3162; x_wconf 61' lang='lat' dir='ltr'>urbanus·</span> <span class='ocrx_word' id='word_1_231' title='bbox 881 3116 969 3163; x_wconf 68' lang='lat' dir='ltr'>Contra</span> <span class='ocrx_word' id='word_1_232' title='bbox 978 3117 1115 3174; x_wconf 62' lang='lat' dir='ltr'>inunum,</span> <span class='ocrx_word' id='word_1_233' title='bbox 1127 3122 1240 3184; x_wconf 70' lang='lat' dir='ltr'>quiaquia</span> 
     </span>
     <span class='ocr_line' id='line_1_31' title="bbox 185 3186 1241 3254; baseline 0.003 -17"><span class='ocrx_word' id='word_1_234' title='bbox 185 3189 229 3237; x_wconf 90' lang='lat' dir='ltr'>tim</span> <span class='ocrx_word' id='word_1_235' title='bbox 240 3189 362 3248; x_wconf 75' lang='lat' dir='ltr'>Horatius,</span> <span class='ocrx_word' id='word_1_236' title='bbox 374 3191 491 3249; x_wconf 72' lang='lat' dir='ltr'>Tibullus,</span> <span class='ocrx_word' id='word_1_237' title='bbox 500 3192 647 3254; x_wconf 70' lang='lat' dir='ltr'>Propertius</span> <span class='ocrx_word' id='word_1_238' title='bbox 663 3197 689 3238; x_wconf 90' lang='lat' dir='ltr'>et</span> <span class='ocrx_word' id='word_1_239' title='bbox 738 3186 859 3248; x_wconf 73' lang='lat' dir='ltr'>elegantiae</span> <span class='ocrx_word' id='word_1_240' title='bbox 869 3186 895 3235; x_wconf 80' lang='lat' dir='ltr'>at</span> <span class='ocrx_word' id='word_1_241' title='bbox 906 3189 1023 3236; x_wconf 84' lang='lat' dir='ltr'>honestati</span> <span class='ocrx_word' id='word_1_242' title='bbox 1033 3198 1154 3253; x_wconf 74' lang='lat' dir='ltr'>repugnet,</span> <span class='ocrx_word' id='word_1_243' title='bbox 1168 3209 1241 3242; x_wconf 77' lang='lat' dir='ltr'>unor-</span> 
     </span>
     <span class='ocr_line' id='line_1_32' title="bbox 184 3260 1239 3328; baseline 0.003 -17"><span class='ocrx_word' id='word_1_244' title='bbox 184 3263 320 3323; x_wconf 80' lang='lat' dir='ltr'>Auaouaou;</span> <span class='ocrx_word' id='word_1_245' title='bbox 343 3265 450 3328; x_wconf 78' lang='lat' dir='ltr'>profesto</span> <span class='ocrx_word' id='word_1_246' title='bbox 464 3265 510 3312; x_wconf 84' lang='lat' dir='ltr'>hoa</span> <span class='ocrx_word' id='word_1_247' title='bbox 532 3264 688 3314; x_wconf 70' lang='lat' dir='ltr'>catullianum</span> <span class='ocrx_word' id='word_1_248' title='bbox 738 3261 781 3322; x_wconf 73' lang='lat' dir='ltr'>lig.</span> <span class='ocrx_word' id='word_1_249' title='bbox 797 3260 972 3309; x_wconf 61' lang='lat' dir='ltr'>uomina.</span> <span class='ocrx_word' id='word_1_250' title='bbox 1004 3262 1071 3311; x_wconf 82' lang='lat' dir='ltr'>lutra</span> <span class='ocrx_word' id='word_1_251' title='bbox 1090 3269 1161 3312; x_wconf 78' lang='lat' dir='ltr'>earm.</span> <span class='ocrx_word' id='word_1_252' title='bbox 1174 3266 1239 3314; x_wconf 69' lang='lat' dir='ltr'>XII.</span> 
     </span>
     <span class='ocr_line' id='line_1_33' title="bbox 185 3332 1241 3398; baseline 0.003 -14"><span class='ocrx_word' id='word_1_253' title='bbox 185 3350 277 3384; x_wconf 85' lang='lat' dir='ltr'>uarmeu</span> <span class='ocrx_word' id='word_1_254' title='bbox 285 3338 340 3398; x_wconf 84' lang='lat' dir='ltr'>jure</span> <span class='ocrx_word' id='word_1_255' title='bbox 350 3337 396 3385; x_wconf 88' lang='lat' dir='ltr'>sibi</span> <span class='ocrx_word' id='word_1_256' title='bbox 406 3337 465 3385; x_wconf 83' lang='lat' dir='ltr'>hano</span> <span class='ocrx_word' id='word_1_257' title='bbox 474 3339 567 3386; x_wconf 83' lang='lat' dir='ltr'>laudem</span> <span class='ocrx_word' id='word_1_258' title='bbox 577 3335 689 3385; x_wconf 81' lang='lat' dir='ltr'>vindieat.</span> <span class='ocrx_word' id='word_1_259' title='bbox 737 3333 762 3382; x_wconf 83' lang='lat'>5.</span> <span class='ocrx_word' id='word_1_260' title='bbox 780 3332 812 3379; x_wconf 83' lang='lat' dir='ltr'>de</span> <span class='ocrx_word' id='word_1_261' title='bbox 828 3333 891 3380; x_wconf 83' lang='lat' dir='ltr'>furto</span> <span class='ocrx_word' id='word_1_262' title='bbox 911 3333 998 3382; x_wconf 83' lang='lat' dir='ltr'>sudarii</span> <span class='ocrx_word' id='word_1_263' title='bbox 1010 3349 1044 3382; x_wconf 81' lang='lat' dir='ltr'>rea</span> <span class='ocrx_word' id='word_1_264' title='bbox 1060 3344 1091 3384; x_wconf 80' lang='lat' dir='ltr'>eat</span> <span class='ocrx_word' id='word_1_265' title='bbox 1110 3339 1201 3386; x_wconf 70' lang='lat' dir='ltr'>mido</span> <span class='ocrx_word' id='word_1_266' title='bbox 1217 3347 1241 3386; x_wconf 85' lang='lat' dir='ltr'>at</span> 
     </span>
     <span class='ocr_line' id='line_1_34' title="bbox 186 3404 1241 3472; baseline 0.001 -15"><span class='ocrx_word' id='word_1_267' title='bbox 186 3409 248 3456; x_wconf 81' lang='lat' dir='ltr'>Nam</span> <span class='ocrx_word' id='word_1_268' title='bbox 254 3424 323 3470; x_wconf 87' lang='lat' dir='ltr'>quem</span> <span class='ocrx_word' id='word_1_269' title='bbox 331 3425 378 3459; x_wconf 87' lang='lat' dir='ltr'>nou</span> <span class='ocrx_word' id='word_1_270' title='bbox 388 3410 484 3458; x_wconf 82' lang='lat' dir='ltr'>horrore</span> <span class='ocrx_word' id='word_1_271' title='bbox 491 3411 590 3472; x_wconf 85' lang='lat' dir='ltr'>quodam</span> <span class='ocrx_word' id='word_1_272' title='bbox 596 3409 689 3470; x_wconf 77' lang='lat' dir='ltr'>portun-</span> <span class='ocrx_word' id='word_1_273' title='bbox 737 3404 862 3453; x_wconf 63' lang='lat' dir='ltr'>inunitae.</span> <span class='ocrx_word' id='word_1_274' title='bbox 894 3407 946 3454; x_wconf 85' lang='lat' dir='ltr'>Neo</span> <span class='ocrx_word' id='word_1_275' title='bbox 964 3408 1009 3455; x_wconf 79' lang='lat' dir='ltr'>luno</span> <span class='ocrx_word' id='word_1_276' title='bbox 1020 3409 1131 3456; x_wconf 69' lang='lat' dir='ltr'>musairo</span> <span class='ocrx_word' id='word_1_277' title='bbox 1141 3410 1241 3458; x_wconf 80' lang='lat' dir='ltr'>telioita·</span> 
     </span>
     <span class='ocr_line' id='line_1_35' title="bbox 186 3477 1240 3545; baseline 0.002 -15"><span class='ocrx_word' id='word_1_278' title='bbox 186 3483 228 3530; x_wconf 82' lang='lat' dir='ltr'>dat</span> <span class='ocrx_word' id='word_1_279' title='bbox 239 3480 298 3531; x_wconf 87' lang='lat' dir='ltr'>Oroi</span> <span class='ocrx_word' id='word_1_280' title='bbox 314 3481 555 3545; x_wconf 80' lang='lat' dir='ltr'>descriptiu?—Non</span> <span class='ocrx_word' id='word_1_281' title='bbox 566 3481 689 3544; x_wconf 80' lang='lat' dir='ltr'>poenitebit</span> <span class='ocrx_word' id='word_1_282' title='bbox 737 3481 785 3525; x_wconf 88' lang='lat' dir='ltr'>tem</span> <span class='ocrx_word' id='word_1_283' title='bbox 793 3477 887 3534; x_wconf 81' lang='lat' dir='ltr'>amoris,</span> <span class='ocrx_word' id='word_1_284' title='bbox 896 3495 963 3541; x_wconf 91' lang='lat' dir='ltr'>quam</span> <span class='ocrx_word' id='word_1_285' title='bbox 974 3480 1091 3529; x_wconf 88' lang='lat' dir='ltr'>notionem</span> <span class='ocrx_word' id='word_1_286' title='bbox 1101 3482 1240 3545; x_wconf 81' lang='lat' dir='ltr'>iuterpreta-</span> 
     </span>
     <span class='ocr_line' id='line_1_36' title="bbox 185 3549 1241 3618; baseline 0.004 -15"><span class='ocrx_word' id='word_1_287' title='bbox 185 3566 239 3607; x_wconf 84' lang='lat' dir='ltr'>ouat</span> <span class='ocrx_word' id='word_1_288' title='bbox 256 3561 336 3605; x_wconf 79' lang='lat' dir='ltr'>nostro</span> <span class='ocrx_word' id='word_1_289' title='bbox 355 3556 483 3604; x_wconf 86' lang='lat' dir='ltr'>oontullaae</span> <span class='ocrx_word' id='word_1_290' title='bbox 502 3553 585 3604; x_wconf 82' lang='lat' dir='ltr'>Ovidii</span> <span class='ocrx_word' id='word_1_291' title='bbox 610 3553 688 3615; x_wconf 84' lang='lat' dir='ltr'>apios-</span> <span class='ocrx_word' id='word_1_292' title='bbox 737 3549 795 3596; x_wconf 67' lang='lat' dir='ltr'>iloni</span> <span class='ocrx_word' id='word_1_293' title='bbox 814 3567 863 3598; x_wconf 64' lang='grc' dir='ltr'>συθ</span> <span class='ocrx_word' id='word_1_294' title='bbox 879 3553 995 3618; x_wconf 69' lang='lat' dir='ltr'>immiscet</span> <span class='ocrx_word' id='word_1_295' title='bbox 1014 3554 1055 3602; x_wconf 79' lang='lat' dir='ltr'>cl.-</span> <span class='ocrx_word' id='word_1_296' title='bbox 1071 3556 1194 3604; x_wconf 84' lang='lat' dir='ltr'>Hsrlesius</span> <span class='ocrx_word' id='word_1_297' title='bbox 1216 3556 1241 3607; x_wconf 83' lang='lat' dir='ltr'>iu</span> 
     </span>
    </p>
   </div>
   <div class='ocr_carea' id='block_1_11' title="bbox 186 3627 689 3907">
    <p class='ocr_par' dir='ltr' id='par_1_11' title="bbox 186 3627 689 3907">
     <span class='ocr_line' id='line_1_37' title="bbox 186 3627 688 3691; baseline 0 -17"><span class='ocrx_word' id='word_1_298' title='bbox 186 3629 251 3677; x_wconf 78' lang='lat' dir='ltr'>diuus</span> <span class='ocrx_word' id='word_1_299' title='bbox 268 3629 292 3676; x_wconf 88' lang='lat' dir='ltr'>iu</span> <span class='ocrx_word' id='word_1_300' title='bbox 306 3635 406 3677; x_wconf 86' lang='lat' dir='ltr'>mortem</span> <span class='ocrx_word' id='word_1_301' title='bbox 416 3628 598 3691; x_wconf 78' lang='lat' dir='ltr'>psittaoilluuor.</span> <span class='ocrx_word' id='word_1_302' title='bbox 609 3628 645 3674; x_wconf 88' lang='grc' dir='ltr'>Π.</span> <span class='ocrx_word' id='word_1_303' title='bbox 656 3627 688 3675; x_wconf 86' lang='lat' dir='ltr'>el.</span> 
     </span>
     <span class='ocr_line' id='line_1_38' title="bbox 187 3698 687 3763; baseline -0.012 -12"><span class='ocrx_word' id='word_1_304' title='bbox 187 3706 211 3751; x_wconf 84' lang='lat'>6.</span> <span class='ocrx_word' id='word_1_305' title='bbox 244 3700 356 3763; x_wconf 64' lang='lat' dir='ltr'>mosen</span> <span class='ocrx_word' id='word_1_306' title='bbox 372 3701 503 3763; x_wconf 76' lang='lat' dir='ltr'>argumenti</span> <span class='ocrx_word' id='word_1_307' title='bbox 518 3714 610 3747; x_wconf 86' lang='lat' dir='ltr'>oarmeu</span> <span class='ocrx_word' id='word_1_308' title='bbox 624 3698 687 3759; x_wconf 77' lang='lat' dir='ltr'>apud</span> 
     </span>
     <span class='ocr_line' id='line_1_39' title="bbox 186 3771 688 3833; baseline -0.004 -11"><span class='ocrx_word' id='word_1_309' title='bbox 186 3774 285 3823; x_wconf 78' lang='lat' dir='ltr'>Statium</span> <span class='ocrx_word' id='word_1_310' title='bbox 295 3775 330 3823; x_wconf 92' lang='lat' dir='ltr'>Il.</span> <span class='ocrx_word' id='word_1_311' title='bbox 339 3774 447 3822; x_wconf 67' lang='lat' dir='ltr'>silalv.</span> <span class='ocrx_word' id='word_1_312' title='bbox 458 3780 484 3822; x_wconf 85' lang='lat' dir='ltr'>at</span> <span class='ocrx_word' id='word_1_313' title='bbox 494 3771 604 3828; x_wconf 78' lang='lat' dir='ltr'>Lotiohii,</span> <span class='ocrx_word' id='word_1_314' title='bbox 611 3771 688 3833; x_wconf 63' lang='lat' dir='ltr'>pnite</span> 
     </span>
     <span class='ocr_line' id='line_1_40' title="bbox 186 3844 689 3907; baseline -0.008 -10"><span class='ocrx_word' id='word_1_315' title='bbox 186 3847 331 3905; x_wconf 78' lang='lat' dir='ltr'>suavissimi,</span> <span class='ocrx_word' id='word_1_316' title='bbox 351 3863 444 3896; x_wconf 74' lang='lat' dir='ltr'>eumen</span> <span class='ocrx_word' id='word_1_317' title='bbox 458 3846 482 3893; x_wconf 90' lang='lat' dir='ltr'>in</span> <span class='ocrx_word' id='word_1_318' title='bbox 495 3845 565 3892; x_wconf 80' lang='lat' dir='ltr'>tuuus</span> <span class='ocrx_word' id='word_1_319' title='bbox 577 3844 689 3907; x_wconf 83' lang='lat' dir='ltr'>Delphini</span> 
     </span>
    </p>
   </div>
   <div class='ocr_carea' id='block_1_12' title="bbox 185 3918 688 4042">
    <p class='ocr_par' dir='ltr' id='par_1_12' title="bbox 185 3918 688 4042">
     <span class='ocr_line' id='line_1_41' title="bbox 187 3918 687 3983; baseline -0.004 -15"><span class='ocrx_word' id='word_1_320' title='bbox 187 3922 240 3969; x_wconf 76' lang='lat' dir='ltr'>lun.</span> <span class='ocrx_word' id='word_1_321' title='bbox 250 3918 285 3969; x_wconf 89' lang='lat'>11.</span> <span class='ocrx_word' id='word_1_322' title='bbox 305 3922 373 3983; x_wconf 75' lang='lat' dir='ltr'>Eleg.</span> <span class='ocrx_word' id='word_1_323' title='bbox 391 3925 416 3969; x_wconf 82' lang='grc'>7.</span> <span class='ocrx_word' id='word_1_324' title='bbox 450 3919 576 3979; x_wconf 74' lang='lat' dir='ltr'>Eleganter</span> <span class='ocrx_word' id='word_1_325' title='bbox 594 3933 687 3966; x_wconf 85' lang='lat' dir='ltr'>oarmen</span> 
     </span>
     <span class='ocr_line' id='line_1_42' title="bbox 185 3987 688 4042; baseline -0.008 -2"><span class='ocrx_word' id='word_1_326' title='bbox 185 3997 290 4042; x_wconf 76' lang='lat' dir='ltr'>uestrum</span> <span class='ocrx_word' id='word_1_327' title='bbox 302 3992 421 4040; x_wconf 86' lang='lat' dir='ltr'>transtulit</span> <span class='ocrx_word' id='word_1_328' title='bbox 431 3991 454 4037; x_wconf 89' lang='lat' dir='ltr'>iu</span> <span class='ocrx_word' id='word_1_329' title='bbox 462 3989 608 4037; x_wconf 81' lang='lat' dir='ltr'>reruueulam</span> <span class='ocrx_word' id='word_1_330' title='bbox 617 3987 688 4036; x_wconf 76' lang='lat' dir='ltr'>Rana·</span> 
     </span>
    </p>
   </div>
   <div class='ocr_carea' id='block_1_13' title="bbox 186 4055 687 4116">
    <p class='ocr_par' dir='ltr' id='par_1_13' title="bbox 186 4055 687 4116">
     <span class='ocr_line' id='line_1_43' title="bbox 186 4055 687 4116; baseline -0.01 -1"><span class='ocrx_word' id='word_1_331' title='bbox 186 4065 247 4114; x_wconf 72' lang='lat' dir='ltr'>lem</span> <span class='ocrx_word' id='word_1_332' title='bbox 255 4066 280 4114; x_wconf 87' lang='lat' dir='ltr'>in</span> <span class='ocrx_word' id='word_1_333' title='bbox 289 4065 353 4114; x_wconf 77' lang='lat' dir='ltr'>Odon</span> <span class='ocrx_word' id='word_1_334' title='bbox 363 4078 405 4112; x_wconf 82' lang='lat' dir='ltr'>uua</span> <span class='ocrx_word' id='word_1_335' title='bbox 416 4064 465 4112; x_wconf 77' lang='lat' dir='ltr'>tlon</span> <span class='ocrx_word' id='word_1_336' title='bbox 475 4060 568 4116; x_wconf 81' lang='lat' dir='ltr'>Horsts,</span> <span class='ocrx_word' id='word_1_337' title='bbox 577 4055 687 4110; x_wconf 55' lang='lat' dir='ltr'>&lt;Berolini</span> 
     </span>
    </p>
   </div>
   <div class='ocr_carea' id='block_1_14' title="bbox 185 4140 686 4267">
    <p class='ocr_par' dir='ltr' id='par_1_14' title="bbox 185 4140 686 4267">
     <span class='ocr_line' id='line_1_44' title="bbox 185 4140 686 4267; baseline -0.01 -7"><span class='ocrx_word' id='word_1_338' title='bbox 185 4140 379 4267; x_wconf 52' lang='lat' dir='ltr'>fignomum</span> <span class='ocrx_word' id='word_1_339' title='bbox 397 4217 428 4258; x_wconf 78' lang='lat' dir='ltr'>sat</span> <span class='ocrx_word' id='word_1_340' title='bbox 447 4208 504 4256; x_wconf 79' lang='lat' dir='ltr'>lom.</span> <span class='ocrx_word' id='word_1_341' title='bbox 523 4217 611 4256; x_wconf 77' lang='lat' dir='ltr'>veneat.</span> <span class='ocrx_word' id='word_1_342' title='bbox 629 4208 652 4256; x_wconf 86' lang='lat' dir='ltr'>h.</span> <span class='ocrx_word' id='word_1_343' title='bbox 665 4225 686 4256; x_wconf 86' lang='lat' dir='ltr'>a.</span> 
     </span>
    </p>
   </div>
   <div class='ocr_carea' id='block_1_15' title="bbox 182 4281 687 4416">
    <p class='ocr_par' dir='ltr' id='par_1_15' title="bbox 182 4281 687 4416">
     <span class='ocr_line' id='line_1_45' title="bbox 184 4281 687 4349; baseline -0.006 -17"><span class='ocrx_word' id='word_1_344' title='bbox 184 4290 299 4349; x_wconf 71' lang='lat' dir='ltr'>quotquot</span> <span class='ocrx_word' id='word_1_345' title='bbox 309 4291 363 4332; x_wconf 89' lang='lat' dir='ltr'>suut</span> <span class='ocrx_word' id='word_1_346' title='bbox 375 4283 479 4331; x_wconf 81' lang='lat' dir='ltr'>homines</span> <span class='ocrx_word' id='word_1_347' title='bbox 487 4281 608 4342; x_wconf 73' lang='lat' dir='ltr'>eleganter</span> <span class='ocrx_word' id='word_1_348' title='bbox 616 4287 640 4328; x_wconf 84' lang='lat' dir='ltr'>at</span> <span class='ocrx_word' id='word_1_349' title='bbox 646 4283 687 4329; x_wconf 85' lang='lat' dir='ltr'>de·</span> 
     </span>
     <span class='ocr_line' id='line_1_46' title="bbox 182 4354 686 4416; baseline -0.01 -8"><span class='ocrx_word' id='word_1_350' title='bbox 182 4357 255 4408; x_wconf 77' lang='lat' dir='ltr'>liouti</span> <span class='ocrx_word' id='word_1_351' title='bbox 268 4363 435 4407; x_wconf 66' lang='lat' dir='ltr'>narn-sarsana</span> <span class='ocrx_word' id='word_1_352' title='bbox 444 4369 490 4403; x_wconf 90' lang='lat' dir='ltr'>nou</span> <span class='ocrx_word' id='word_1_353' title='bbox 502 4368 594 4416; x_wconf 81' lang='lat' dir='ltr'>semper</span> <span class='ocrx_word' id='word_1_354' title='bbox 604 4354 686 4404; x_wconf 65' lang='lat' dir='ltr'>adhr-</span> 
     </span>
    </p>
   </div>
   <div class='ocr_carea' id='block_1_16' title="bbox 736 3623 1240 4342">
    <p class='ocr_par' dir='ltr' id='par_1_16' title="bbox 736 3623 1240 4342">
     <span class='ocr_line' id='line_1_47' title="bbox 736 3623 1240 3689; baseline 0.018 -19"><span class='ocrx_word' id='word_1_355' title='bbox 736 3623 866 3673; x_wconf 79' lang='lat' dir='ltr'>Ghreatom.</span> <span class='ocrx_word' id='word_1_356' title='bbox 878 3627 945 3678; x_wconf 74' lang='lat' dir='ltr'>Post.</span> <span class='ocrx_word' id='word_1_357' title='bbox 960 3629 1011 3675; x_wconf 76' lang='lat' dir='ltr'>Lat.</span> <span class='ocrx_word' id='word_1_358' title='bbox 1024 3631 1080 3678; x_wconf 86' lang='lat'>155.</span> <span class='ocrx_word' id='word_1_359' title='bbox 1090 3628 1195 3689; x_wconf 85' lang='lat' dir='ltr'>quamvis</span> <span class='ocrx_word' id='word_1_360' title='bbox 1204 3645 1240 3678; x_wconf 82' lang='lat' dir='ltr'>na·</span> 
     </span>
     <span class='ocr_line' id='line_1_48' title="bbox 736 3698 1239 3761; baseline 0.02 -18"><span class='ocrx_word' id='word_1_361' title='bbox 736 3704 817 3746; x_wconf 67' lang='lat' dir='ltr'>nunus</span> <span class='ocrx_word' id='word_1_362' title='bbox 833 3698 950 3761; x_wconf 77' lang='lat' dir='ltr'>eleganter</span> <span class='ocrx_word' id='word_1_363' title='bbox 961 3700 1018 3748; x_wconf 84' lang='lat' dir='ltr'>alius</span> <span class='ocrx_word' id='word_1_364' title='bbox 1030 3701 1125 3759; x_wconf 86' lang='lat' dir='ltr'>dieitur,</span> <span class='ocrx_word' id='word_1_365' title='bbox 1145 3706 1184 3754; x_wconf 83' lang='lat' dir='ltr'>cni</span> <span class='ocrx_word' id='word_1_366' title='bbox 1197 3703 1239 3753; x_wconf 78' lang='lat' dir='ltr'>Ve-</span> 
     </span>
     <span class='ocr_line' id='line_1_49' title="bbox 736 3770 1240 3839; baseline 0.016 -23"><span class='ocrx_word' id='word_1_367' title='bbox 736 3784 780 3817; x_wconf 76' lang='lat' dir='ltr'>nna</span> <span class='ocrx_word' id='word_1_368' title='bbox 785 3770 811 3817; x_wconf 83' lang='lat' dir='ltr'>in</span> <span class='ocrx_word' id='word_1_369' title='bbox 821 3771 969 3836; x_wconf 74' lang='lat' dir='ltr'>amorefeoet,</span> <span class='ocrx_word' id='word_1_370' title='bbox 977 3773 1108 3822; x_wconf 72' lang='lat' dir='ltr'>invenustus</span> <span class='ocrx_word' id='word_1_371' title='bbox 1118 3773 1240 3839; x_wconf 56' lang='lat' dir='ltr'>(inoppin-</span> 
     </span>
     <span class='ocr_line' id='line_1_50' title="bbox 736 3839 1240 3904; baseline 0.012 -16"><span class='ocrx_word' id='word_1_372' title='bbox 736 3839 828 3904; x_wconf 55' lang='grc' dir='ltr'>τούπὶ</span> <span class='ocrx_word' id='word_1_373' title='bbox 840 3858 883 3890; x_wconf 89' lang='lat' dir='ltr'>nou</span> <span class='ocrx_word' id='word_1_374' title='bbox 896 3844 965 3891; x_wconf 83' lang='lat' dir='ltr'>leuet.</span> <span class='ocrx_word' id='word_1_375' title='bbox 978 3843 1026 3892; x_wconf 82' lang='lat' dir='ltr'>vid.</span> <span class='ocrx_word' id='word_1_376' title='bbox 1038 3845 1199 3893; x_wconf 85' lang='lat' dir='ltr'>Hemsterlrus.</span> <span class='ocrx_word' id='word_1_377' title='bbox 1210 3849 1240 3896; x_wconf 75' lang='lat' dir='ltr'>uel</span> 
     </span>
     <span class='ocr_line' id='line_1_51' title="bbox 736 3914 1239 3975; baseline 0.012 -15"><span class='ocrx_word' id='word_1_378' title='bbox 736 3914 832 3964; x_wconf 80' lang='lat' dir='ltr'>huoiau.</span> <span class='ocrx_word' id='word_1_379' title='bbox 843 3915 872 3962; x_wconf 76' lang='grc' dir='ltr'>Τ.</span> <span class='ocrx_word' id='word_1_380' title='bbox 884 3916 906 3963; x_wconf 86' lang='lat'>1.</span> <span class='ocrx_word' id='word_1_381' title='bbox 915 3929 940 3975; x_wconf 85' lang='lat' dir='ltr'>p.</span> <span class='ocrx_word' id='word_1_382' title='bbox 953 3919 1009 3965; x_wconf 71' lang='lat'>242.</span> <span class='ocrx_word' id='word_1_383' title='bbox 1043 3919 1090 3964; x_wconf 82' lang='lat' dir='ltr'>Sed</span> <span class='ocrx_word' id='word_1_384' title='bbox 1107 3917 1157 3966; x_wconf 73' lang='lat' dir='ltr'>liaeo</span> <span class='ocrx_word' id='word_1_385' title='bbox 1173 3917 1239 3967; x_wconf 88' lang='lat' dir='ltr'>notio</span> 
     </span>
     <span class='ocr_line' id='line_1_52' title="bbox 736 3988 1238 4050; baseline 0.006 -15"><span class='ocrx_word' id='word_1_386' title='bbox 736 3988 838 4035; x_wconf 86' lang='lat' dir='ltr'>huonon</span> <span class='ocrx_word' id='word_1_387' title='bbox 858 3989 962 4050; x_wconf 82' lang='lat' dir='ltr'>qusdrst.</span> <span class='ocrx_word' id='word_1_388' title='bbox 995 3989 1100 4036; x_wconf 76' lang='lat' dir='ltr'>citantur</span> <span class='ocrx_word' id='word_1_389' title='bbox 1118 3991 1178 4036; x_wconf 88' lang='lat' dir='ltr'>enim</span> <span class='ocrx_word' id='word_1_390' title='bbox 1190 3992 1238 4040; x_wconf 86' lang='lat' dir='ltr'>Ve-</span> 
     </span>
     <span class='ocr_line' id='line_1_53' title="bbox 736 4060 1238 4124; baseline 0.01 -18"><span class='ocrx_word' id='word_1_391' title='bbox 736 4075 811 4115; x_wconf 89' lang='lat' dir='ltr'>neres,</span> <span class='ocrx_word' id='word_1_392' title='bbox 817 4060 958 4122; x_wconf 75' lang='lat' dir='ltr'>Cupidines,</span> <span class='ocrx_word' id='word_1_393' title='bbox 969 4068 994 4107; x_wconf 88' lang='lat' dir='ltr'>et</span> <span class='ocrx_word' id='word_1_394' title='bbox 1004 4062 1172 4124; x_wconf 81' lang='lat' dir='ltr'>elegantissimi</span> <span class='ocrx_word' id='word_1_395' title='bbox 1187 4063 1238 4124; x_wconf 81' lang='lat' dir='ltr'>qui·</span> 
     </span>
     <span class='ocr_line' id='line_1_54' title="bbox 736 4132 1238 4195; baseline 0 -15"><span class='ocrx_word' id='word_1_396' title='bbox 736 4148 782 4194; x_wconf 84' lang='lat' dir='ltr'>que</span> <span class='ocrx_word' id='word_1_397' title='bbox 792 4132 897 4180; x_wconf 82' lang='lat' dir='ltr'>homiues</span> <span class='ocrx_word' id='word_1_398' title='bbox 908 4133 1060 4195; x_wconf 73' lang='lat' dir='ltr'>uellugubres</span> <span class='ocrx_word' id='word_1_399' title='bbox 1078 4135 1179 4195; x_wconf 84' lang='lat' dir='ltr'>passeris</span> <span class='ocrx_word' id='word_1_400' title='bbox 1194 4150 1238 4180; x_wconf 86' lang='lat' dir='ltr'>ex-</span> 
     </span>
     <span class='ocr_line' id='line_1_55' title="bbox 736 4205 1238 4268; baseline 0.004 -16"><span class='ocrx_word' id='word_1_401' title='bbox 736 4205 829 4268; x_wconf 84' lang='lat' dir='ltr'>sequias</span> <span class='ocrx_word' id='word_1_402' title='bbox 845 4219 890 4251; x_wconf 81' lang='lat' dir='ltr'>nou</span> <span class='ocrx_word' id='word_1_403' title='bbox 911 4205 978 4253; x_wconf 81' lang='lat' dir='ltr'>eliam</span> <span class='ocrx_word' id='word_1_404' title='bbox 1000 4207 1030 4252; x_wconf 78' lang='lat' dir='ltr'>ob</span> <span class='ocrx_word' id='word_1_405' title='bbox 1047 4220 1147 4262; x_wconf 82' lang='lat' dir='ltr'>oausam,</span> <span class='ocrx_word' id='word_1_406' title='bbox 1168 4205 1238 4268; x_wconf 73' lang='lat' dir='ltr'>quim</span> 
     </span>
     <span class='ocr_line' id='line_1_56' title="bbox 737 4277 1237 4342; baseline 0 -15"><span class='ocrx_word' id='word_1_407' title='bbox 737 4279 799 4342; x_wconf 79' lang='lat' dir='ltr'>quod</span> <span class='ocrx_word' id='word_1_408' title='bbox 821 4277 873 4341; x_wconf 83' lang='lat' dir='ltr'>ipse</span> <span class='ocrx_word' id='word_1_409' title='bbox 892 4293 972 4340; x_wconf 81' lang='lat' dir='ltr'>passer</span> <span class='ocrx_word' id='word_1_410' title='bbox 989 4280 1065 4326; x_wconf 83' lang='lat' dir='ltr'>tuerat</span> <span class='ocrx_word' id='word_1_411' title='bbox 1085 4279 1237 4328; x_wconf 66' lang='lat' dir='ltr'>noluissimus</span> 
     </span>
    </p>
   </div>
   <div class='ocr_carea' id='block_1_17' title="bbox 736 4351 957 4414">
    <p class='ocr_par' dir='ltr' id='par_1_17' title="bbox 736 4351 957 4414">
     <span class='ocr_line' id='line_1_57' title="bbox 736 4351 957 4414; baseline -0.009 -13"><span class='ocrx_word' id='word_1_412' title='bbox 736 4351 957 4414; x_wconf 60' lang='lat' dir='ltr'>messenen-epa.</span> 
     </span>
    </p>
   </div>
   <div class='ocr_carea' id='block_1_18' title="bbox 0 0 1440 4972">
    <p class='ocr_par' dir='ltr' id='par_1_18' title="bbox 0 0 1440 4972">
     <span class='ocr_line' id='line_1_58' title="bbox 0 0 1440 4972; baseline 0 2"><span class='ocrx_word' id='word_1_413' title='bbox 0 0 1440 4972; x_wconf 95' lang='lat' dir='ltr'> </span> 
     </span>
    </p>
   </div>
  </div>
 </body>
</html>
