2872 4972
195 352 241 417 to
408 350 617 421 HANDll
647 354 709 421 IN
735 351 1040 421 CATULLUH

387 554 424 587 vs.
433 543 471 587 12.
536 538 765 600 ——uniruodo
775 554 870 611 marra,-

534 615 614 662 Antei
624 615 681 677 quid
692 616 735 663 baa
745 632 770 663 re
780 616 867 673 nitius,
878 616 1009 664 ridebatur.

192 805 359 867 illustratur
373 805 422 866 bic
435 805 517 865 locus
532 805 668 865 Plautino
683 803 815 864 Mostell.
826 803 851 863 l.
864 809 891 865 1.
905 809 964 865 lt:

386 962 423 1008 'l'n
436 962 537 1009 urbanus
550 956 811 1017 verosourra,delioia
821 958 913 1022 populi,
1006 954 1010 959 ’
1054 956 1057 960 ’

387 1038 438 1085 ltus
448 1038 506 1085 mibi
516 1044 542 1084 tn
554 1036 674 1100 obiectas?

190 1177 279 1244 Quod
291 1196 362 1237 vero
375 1177 523 1258 legitura'
541 1178 676 1256 quidhoc
698 1198 729 1236 rr
747 1177 853 1247 tritius,
875 1174 1020 1235 correctio
1041 1185 1086 1237 est
1107 1175 1249 1250 Pontani,

188 1271 314 1350 probata
332 1271 371 1330 ab
385 1269 518 1329 omnibus
539 1261 744 1348 interpretibus
764 1279 873 1347 praeter
886 1266 1076 1328 Parthenium
1090 1278 1121 1328 et
1134 1268 1249 1331 Guari-

188 1361 402 1422 num.-Pucc.
428 1360 459 1419 in
482 1360 644 1439 marginem
672 1359 826 1439 adscripsit
846 1357 1126 1419 monica-Omnes
1149 1360 1248 1419 MSS.-

189 1454 285 1526 Statii,
308 1454 384 1515 Cod.
399 1454 508 1515 Dresd.
528 1454 613 1515 editt.
629 1453 746 1513 lhcent.
768 1450 849 1510 Brir.
868 1450 991 1522 Venstt.
1012 1452 1155 1513 exhibent
1180 1455 1248 1519 trias

186 1547 252 1604 tim.
275 1545 438 1625 Equidem
466 1566 525 1606 non
547 1545 754 1625 corrigendum
776 1554 860 1622 puto,
876 1560 934 1603 nec
951 1543 1246 1618 majoridifficultatn

184 1634 279 1713 premi
293 1635 444 1715 antiquam
463 1635 632 1709 lectionem,
652 1654 739 1714 quam
761 1632 886 1694 Pontani
905 1634 1148 1695 correctionem·
1169 1637 1247 1723 (tuq

184 1737 275 1805 pacto
299 1728 377 1793 enirn
392 1728 525 1788 Catullus
547 1748 669 1789 scurram
686 1727 836 1806 appellare
856 1738 957 1805 posset
977 1729 1072 1787 tritam
1093 1749 1159 1800 rem,
1180 1744 1245 1791 aon

183 1818 285 1896 liquet.
337 1819 469 1891 Vossius,
494 1821 557 1900 ipse
585 1821 747 1900 desperans
773 1820 812 1879 de
837 1819 1044 1898 explicatione,
1070 1822 1243 1900 nequitiam,
1300 1839 1302 1843 '

184 1911 395 1991 nescioquam,
412 1933 578 1993 expressam
592 1932 658 1975 esse
673 1914 754 1973 vult..
775 1913 946 1984 Videamus,
971 1932 1008 1972 an
1023 1916 1147 1975 verbum
1160 1919 1242 1985 trista

185 2005 428 2084 significationem
451 2020 552 2087 nostro
571 2008 639 2069 loco
662 2022 822 2085 congruam
843 2006 963 2066 habeat.
1007 2007 1129 2086 Propria
1151 2008 1241 2088 hujus

181 2099 266 2163 serbi
286 2099 461 2177 significatio
480 2111 536 2172 est,
549 2111 583 2159 ut
602 2099 713 2159 indicet
727 2117 824 2168 omne,
840 2097 918 2176 quod
932 2098 1085 2170 acerbum,
1097 2120 1241 2173 amarum,

99 2188 102 2197 ¹
183 2189 288 2251 durum
306 2201 337 2251 et
357 2193 512 2253 molestum
534 2192 673 2271 adeoque-
688 2191 781 2251 dirum
802 2190 848 2250 sit.
889 2190 965 2250 Inde
984 2191 1124 2252 dicuntur
1145 2195 1242 2255 tristia

183 2283 341 2364 absynthia
349 2284 452 2362 (Ouid.
465 2303 505 2344 ex
512 2283 664 2344 Pontlll.
673 2287 780 2358 8.15.);
788 2281 950 2347 suauiolnm
959 2284 1066 2343 tristius
1074 2284 1240 2363 helleboro,

183 2378 513 2456 (Catull99.14.)tristio
519 2376 1030 2456 jejunia,(Moretumt.)temporum
1038 2379 1238 2460 trhtitiolcie.

182 2469 221 2529 ad
236 2469 296 2530 Act
309 2474 355 2531 12.
364 2475 414 2530 40.
429 2469 597 2549 Symmach.
612 2488 659 2548 ep.
671 2469 694 2528 l.
708 2473 771 2543 64.)
785 2471 873 2529 tristis
886 2471 1005 2529 morbus
1016 2470 1109 2550 (Virg.
1123 2471 1250 2556 Geor-g„

181 2562 236 2622 IV.
250 2565 321 2624 252.
350 2563 412 2624 Cic.
432 2573 546 2623 senect.
561 2561 622 2640 19.)
637 2563 726 2621 tristia
736 2573 875 2623 senectus
884 2561 979 2640 (Virg.
992 2562 1103 2641 Georg.
1116 2565 1173 2627 Ill.
1184 2571 1236 2635 67.

182 2659 314 2719 AEn.v1.
327 2660 410 2736 275.)
425 2662 504 2719 triste
516 2659 761 2740 lignum-(Horat.
775 2659 817 2738 Il.
828 2665 876 2720 13.
890 2659 950 2735 11.)
968 2660 1139 2721 niominis
1152 2684 1238 2724 mon·
1273 2656 1276 2661 ¹

180 2763 273 2812 atrum
288 2754 368 2832 (AEn.
384 2754 442 2812 111.
459 2752 553 2829 111.)
595 2753 648 2811 Ad
669 2751 797 2811 animum
810 2752 942 2821 relatum,
957 2751 1104 2829 significat
1118 2758 1237 2817 omnem

181 2849 245 2920 ejus
260 2846 513 2905 conturbationem
533 2843 806 2923 aegritudinemque.
828 2852 831 2857 ’
848 2844 889 2902 Et
902 2855 972 2902 sunt
985 2844 1031 2903 hae
1053 2844 1142 2904 animi
1164 2832 1236 2909 eon.

180 2937 373 3008 turbationes,
382 2959 448 3016 quae
464 2938 558 2996 tristes
570 2935 711 3017 dicuntur,
726 2934 849 3015 triplicis
864 2935 998 3015 genesim
1019 2937 1062 2996 ira
1077 2948 1109 2997 et
1123 2937 1237 3019 iracun-

180 3029 239 3100 dia,
254 3030 348 3109 (Virg.
372 3029 438 3088 Ecl.
452 3028 495 3089 11.
512 3025 559 3090 14.
583 3031 650 3088 AEn.
666 3027 710 3088 ΙΙ.
725 3030 794 3092 337.
826 3027 935 3087 Tibull.
950 3028 1004 3088 IV.
1019 3034 1049 3090 t.
1066 3035 1114 3103 18.
1145 3028 1235 3113 Prop.

179 3121 204 3182 1.
218 3127 249 3184 6.
265 3122 326 3200 10.)
340 3122 428 3182 nimia
442 3122 581 3182 severitas
591 3120 702 3196 (Tacit.
714 3120 796 3181 Hist.
810 3120 834 3181 l.
846 3126 914 3181 144.
930 3120 1003 3199 Agr.
1012 3127 1042 3183 9.
1056 3123 1087 3182 in
1097 3126 1234 3205 quolooo

179 3213 338 3272 delendum
353 3226 399 3273 est
412 3234 478 3273 voc.
492 3212 660 3290 esuritioni,
674 3232 792 3271 moeror.
836 3213 911 3275 Cum
926 3233 996 3272 vero
1017 3213 1051 3286 is,
1067 3220 1152 3296 cujus
1172 3218 1234 3279 ani·
1336 3243 1339 3248 ·

177 3325 243 3364 mus
263 3307 463 3375 conturbatus,
479 3326 539 3364 non
553 3305 645 3364 solum
660 3305 742 3363 vultu
757 3325 793 3365 ac
806 3304 883 3364 facie
898 3325 980 3364 suam
999 3307 1146 3369 tristitiam
1165 3331 1233 3391 pro·

130 3426 132 3430 ⁸
179 3397 240 3469 dat,
255 3399 309 3458 sed
332 3398 428 3467 etiarn,
450 3407 482 3456 ut
496 3396 538 3467 fit,
554 3397 626 3456 alios
646 3396 751 3457 reddat
769 3397 876 3468 tristes,
898 3409 1021 3475 uterque
1044 3402 1128 3462 unius
1149 3405 1230 3464 verbi

177 3491 288 3549 ambitu
302 3490 567 3570 comprehenditur,
582 3501 613 3549 et
626 3490 659 3558 is,
676 3490 726 3571 qni
740 3490 802 3570 ipse
816 3489 930 3550 tristitia
942 3491 1074 3564 afficitur,
1090 3505 1121 3554 et
1134 3495 1168 3568 is,
1181 3496 1232 3577 qui

176 3583 323 3644 tristitiam
337 3603 372 3642 ac
384 3584 549 3644 molestiam
563 3583 627 3643 aliis
642 3596 731 3659 creat,
745 3584 896 3660 tristificus.
919 3586 986 3649 Qua
1000 3587 1112 3646 ratione
1127 3609 1230 3653 ornnes

175 3677 256 3757 verbi
270 3676 511 3755 significationes
521 3676 590 3735 inde
604 3675 752 3746 deductae,
767 3674 978 3753 intelliguntur.
1009 3679 1068 3738 Sed
1079 3681 1149 3759 quid
1164 3682 1230 3745 haec

173 3772 213 3831 ad
226 3781 355 3829 nostrum
377 3768 496 3848 locum?
539 3768 693 3827 Pertinent
715 3768 784 3837 huc,
808 3778 838 3825 et
863 3769 987 3849 probant
1008 3771 1143 3852 codicum
1167 3774 1229 3835 lec-

174 3866 294 3924 tionem.
338 3863 471 3923 Catullus
486 3861 561 3920 enim
577 3880 635 3919 non
657 3859 694 3920 ad
715 3860 827 3919 Fuffeni
848 3861 1042 3921 urbanitatem
1063 3865 1230 3927 describenss

175 3956 242 4016 dam
263 3955 347 4015 addit
370 3956 461 4014 verba
480 3956 505 4011 si
525 3954 648 4032 quidest
670 3954 718 4011 duc
742 3974 772 4011 re
793 3954 910 4025 tristius,
935 3955 989 4015 sed
1006 3957 1044 4015 ad
1066 3954 1235 4021 irridendos

174 4069 299 4119 scurras,
321 4046 517 4109 abominabile
536 4045 686 4103 hominum
706 4066 811 4124 genus.
853 4047 966 4104 Scurrae
980 4067 1059 4120 vero,
1079 4050 1140 4110 sive
1158 4052 1227 4127 sint,

173 4143 224 4220 qni
238 4141 310 4200 alios
325 4139 407 4218 sequi
427 4139 550 4218 soleant,
574 4138 657 4217 quasi
687 4158 811 4208 recurro,
838 4137 996 4219 interprete
1018 4122 1122 4201 Verrio
1145 4146 1228 4224 apud

176 4235 312 4300 Festum
337 4232 396 4290 sive
413 4232 453 4290 ita
467 4230 605 4310 appellati
619 4231 686 4309 quia
700 4231 828 4291 sintriae
842 4251 917 4302 coro,
934 4233 993 4316 (vd.
1010 4233 1143 4295 Turneb.
1160 4238 1227 4315 Ad·¹
