2872 4972
269 733 731 851 c.·vALER11
785 736 1155 831 CATULLI

654 975 779 1050 VITA

488 1214 535 1261 EX
566 1213 728 1261 EDl'l'IONli
757 1214 934 1263 VULPIANA.

605 1439 819 1484 -0—

186 1647 375 1728 Vnnnnro
394 1660 574 1727 Curunno
591 1662 708 1740 Quinti
728 1683 918 1750 prenomen
935 1664 1053 1731 tribuit
1064 1665 1238 1754 Josephnu

186 1759 350 1846 Scaliger,
364 1759 606 1845 corruptissimi
621 1760 689 1825 loci
703 1761 903 1825 auctoritate
919 1761 1036 1846 fretus,
1057 1786 1101 1829 ex
1114 1765 1240 1852 Elegia

184 1856 398 1938 eddannam,
415 1879 445 1920 v.
465 1856 523 1920 12:
545 1864 687 1922 testatus
703 1865 879 1945 preterea,
895 1859 979 1924 sein
994 1855 1134 1949 antiquo
1149 1864 1239 1928 libro

184 1954 305 2020 Jacobi
322 1954 453 2041 anacii
471 1954 497 2019 Ι.
515 1953 556 2020 C.
572 1954 621 2019 ita
646 1955 805 2043 scriptum
829 1957 1006 2022 manifesto
1023 1960 1236 2047 comperisse.

185 2051 276 2117 Huic
296 2052 460 2138 Scaligeri
486 2053 696 2139 persuasioni
723 2053 852 2141 pondus
871 2054 964 2120 addit
979 2055 1132 2123 Joannes
1147 2058 1237 2123 Har·

185 2151 318 2233 duinus,
333 2149 390 2239 qui
406 2149 464 2229 (ad
478 2151 601 2216 librum
618 2151 816 2216 XXXVII.
829 2159 898 2216 nat.
914 2151 1061 2218 historie.
1076 2153 1117 2219 C.
1130 2154 1238 2220 Plinii

190 2247 336 2313 Secundi
348 2269 421 2335 cap.
432 2249 479 2327 6.)
497 2249 649 2328 affirmat,
665 2249 701 2313 in
714 2248 868 2313 omnibus
881 2249 1051 2316 codicibus
1066 2274 1166 2316 manu
1182 2274 1240 2318 ex-

189 2347 292 2412 aratis
317 2344 482 2412 Catullum
511 2348 670 2425 Quintum
694 2346 874 2433 appellari.
915 2347 1107 2413 Consensus
1128 2356 1240 2416 tamen

189 2444 410 2523 eruditorum,
435 2453 538 2530 atque
560 2444 725 2509 editiones
747 2466 843 2532 paene
866 2467 980 2510 omnes
1008 2447 1239 2533 refragantur:

189 2543 310 2630 quibus
324 2543 405 2607 olim
421 2541 601 2629 praeiverat
614 2541 657 2606 L.
672 2542 840 2629 Apuleius
853 2542 1099 2626 Madaurensis,
1114 2568 1188 2611 cnm
1205 2547 1241 2612 in

187 2640 358 2726 Apologia
371 2639 482 2725 priore
497 2639 680 2703 carminum
695 2641 900 2727 quorundam
917 2661 1052 2705 suorum
1066 2640 1240 2709 lasciviam

190 2738 264 2804 Caii
280 2736 402 2804 Catulli
417 2736 623 2802 nobilissimo
646 2736 802 2824 exemplo
817 2737 977 2803 defendit.
1023 2738 1068 2803 Et
1082 2747 1174 2804 certe
1198 2740 1241 2806 li·'

189 2836 291 2901 bracii
317 2843 459 2914 veteres,
478 2835 648 2900 nominum
673 2834 892 2899 similitudine
912 2835 1055 2921 decepti,
1086 2834 1240 2904 Catulum

190 2934 331 2999 Poetam
357 2955 432 2998 curn
448 2930 578 2996 Catullo
599 2953 689 3018 saepe
710 2930 940 2995 confundunt:
965 2930 1090 2996 idcirco
1114 2933 1239 3000 luctum

189 3032 354 3112 existimo,
370 3037 409 3095 ut
420 3051 496 3094 cum
507 3028 558 3093 illi
571 3029 711 3106 Quintus
721 3049 910 3115 praenomen
921 3028 1033 3110 fuerit,
1048 3029 1126 3096 hnic
1137 3031 1240 3098 etiam

188 3131 274 3195 idern
304 3129 536 3213 effingerent*
581 3127 809 3193 veronensem
838 3148 940 3213 porro
963 3125 1064 3192 luisse
1087 3136 1239 3195 nostrum

93 3233 96 3239 '
189 3233 334 3314 po'e‘tam,
357 3224 488 3313 liquido
508 3231 651 3307 constat,
666 3246 741 3292 oum
756 3244 800 3287 ex
815 3222 949 3305 Ouidio,
967 3223 1084 3289 Plinio
1099 3226 1238 3313 majore,

188 3323 360 3399 Martiale,
374 3321 538 3404 Ausonio,
551 3320 750 3409 ceterisque,
767 3328 838 3385 tum
853 3342 896 3384 ex
911 3320 1016 3406 ipsius
1031 3320 1235 3407 testimonio,

146 3479 148 3484 ,
188 3422 245 3513 qni
257 3444 359 3488 carm.
373 3419 440 3506 31„
456 3418 522 3500 ubi,
536 3441 555 3486 e
570 3412 732 3506 Bithynia
745 3439 913 3498 reversus,
928 3417 1129 3490 Sirmionem
1144 3419 1237 3487 lacus

218 3625 234 3656 ’
242 3625 310 3672 Alius
324 3628 389 3670 certe
399 3620 499 3676 Quintus
509 3619 615 3668 Catullus
632 3618 688 3677 tuit,
736 3621 773 3678 do,
783 3627 810 3667 ut
818 3620 914 3676 relcuod
923 3619 1063 3670 liminum.
1079 3622 1170 3672 Omitto
1178 3624 1237 3672 Cin·

187 3701 253 3761 eujus
264 3698 379 3758 integrum
396 3709 479 3742 nomen
495 3693 594 3748 erintus
611 3691 688 3741 Luna·
736 3707 788 3740 narn
805 3693 921 3749 Caurium,
938 3692 1053 3750 Stoicum,
1067 3710 1136 3755 quern
1146 3697 1237 3746 audivit

187 3774 231 3821 tius
237 3770 352 3824 Catullus,
371 3769 473 3815 nrbenns
485 3764 537 3813 sire
548 3766 687 3823 ordinarias,
736 3765 773 3813 M.
784 3765 914 3814 Antoninus
924 3764 1060 3825 imperator,
1069 3773 1130 3814 terte
1141 3769 1237 3830 capito.

187 3845 229 3892 hnc
240 3849 285 3896 est,
304 3841 487 3902 mimographus,
504 3840 535 3886 dc
547 3854 594 3900 qno
605 3838 686 3885 viden·
735 3837 784 3884 lino
795 3837 818 3884 in
830 3837 905 3884 Marci
914 3837 992 3884 vitro.
1003 3841 1027 3886 3.
1059 3839 1121 3887 Nm
1130 3847 1156 3887 et
1166 3842 1236 3902 liniue

187 3920 230 3964 dne
240 3915 382 3962 scholiastes
389 3913 419 3960 sd
429 3910 537 3960 turon.
549 3911 618 3958 vlu.
630 3910 684 3959 185.
736 3925 815 3957 rernm
827 3926 909 3957 nornen
922 3909 1026 3956 Catullus
1034 3917 1093 3966 ent,
1109 3920 1135 3959 nt
1145 3919 1237 3962 constet

188 3991 215 4038 ad
227 3989 306 4043 rerba,
325 3985 452 4032 Clamarem
463 3997 539 4046 ogo-ca
547 3989 576 4029 ut
587 3981 686 4030 Phasma
735 3996 765 4030 ex
774 3983 808 4029 Μ.
819 3981 928 4029 Antonini
939 3981 981 4028 lib.
992 3982 1014 4029 1.
1024 3982 1088 4029 θεοί.
1100 3986 1138 4031 18,
1161 3984 1236 4031 Acoe-

189 4056 274 4109 Catulli
280 4076 289 4117 ,·
307 4066 330 4106 et
342 4058 370 4104 ed
384 4056 458 4104 Xlll.
469 4057 591 4116 109.-Q.
599 4053 685 4101 catulli
735 4055 772 4107 dit
788 4054 838 4112 ille,
856 4056 886 4102 sd
903 4068 973 4116 quem
993 4052 1109 4102 Mertielir
1120 4054 1234 4104 xlma.

187 4126 496 4195 Epignmnculimmni
503 4126 684 4189 Epimxnln.
736 4127 845 4175 Heredem
861 4130 903 4175 tibi
920 4143 963 4184 me,
978 4127 1077 4184 Catulle,
1091 4128 1162 4174 dieis:
1180 4125 1235 4175 Nou

133 4222 135 4227 ·
173 4199 684 4266 'annviterexprmurnrefortGellineXlX.
733 4201 972 4262 credemisilegero,
981 4199 1077 4247 Catulla
1110 4198 1234 4261 (Exedit.

185 4283 208 4328 9.
217 4277 278 4340 qnod
287 4276 377 4339 incipit,
386 4273 487 4340 Arrsugit
497 4271 684 4330 rnianimumre·
734 4273 830 4336 Bipont.
840 4288 865 4335 p.
880 4273 932 4335 13.)
974 4339 980 4344 ῃ

1022 4343 1038 4389 d
