2872 4972
199 370 248 438 -76
446 369 486 435 C.
509 366 740 435 VALERII
770 365 1011 473 CATULLI

291 552 364 618 Aut
377 552 573 619 Innurinus
585 558 665 618 ater
675 559 777 639 atque
792 550 958 634 dentatus,

286 666 359 729 Aut
374 664 650 752 Transpadanus,
670 672 708 728 ut
720 685 809 728 meos
823 685 959 750 quoque
980 662 1154 750 attingam,

263 854 267 868 .
289 775 362 840 Aut
375 775 530 861 quilibet,
546 775 604 861 qui
620 774 751 862 puriter
765 773 850 839 lavit
864 774 1000 853 dentem

285 884 417 949 Tamen
433 884 587 952 renidere
600 887 842 974 usquequaque
857 893 891 949 te
908 884 1050 949 nollem:
1211 885 1250 947 15

288 994 381 1068 Nam
392 994 466 1059 *risu
480 994 596 1082 inepto
615 1018 668 1061 res
681 996 827 1083 ineptior
842 996 938 1062 nulla
951 1005 1015 1062 est.

247 1161 252 1169 .
288 1106 394 1172 Nuno
407 1105 622 1174 Celtiberos:
646 1105 831 1172 Celti-beria
845 1105 880 1171 in
895 1114 996 1190 terra,

289 1216 390 1298 Quod
404 1216 546 1304 quisque
561 1216 695 1300 minxit,
717 1217 785 1282 hoo
796 1217 884 1282 solet
897 1217 959 1282 sibi
976 1238 1072 1283 mane

287 1318 563 1416 Dentem,:atqtie
578 1350 704 1403 russam
720 1328 885 1394 defricare
899 1327 1067 1416 gingivsm
1080 1354 1089 1408 3

210 1444 239 1495 ‘-
289 1439 339 1505 Ut
350 1460 418 1526 quo
431 1437 495 1503 iste
510 1446 621 1504 vester
639 1439 824 1527 expolitior
838 1441 919 1506 dens
935 1447 996 1518 est,
1210 1441 1254 1503 20

288 1550 364 1618 Hoc
378 1558 411 1615 te
420 1549 568 1638 amplius
582 1550 708 1616 bibisse
731 1551 892 1638 praedicet
906 1550 979 1615 loti.

200 1712 297 1762 laudere
307 1712 442 1759 truculente
452 1714 593 1760 Umbrorum
603 1712 708 1774 torpore.
735 1714 784 1760 Pro
796 1713 905 1771 Par-time,
920 1713 980 1775 qnod
993 1712 1113 1760 invenerat
1124 1712 1254 1776 Meleager,

201 1776 467 1844 legitfartus—pirguie
480 1776 561 1825 Umber
573 1779 675 1838 quidam.

207 1854 220 1883 -'·
236 1847 277 1892 12.
286 1840 428 1895 'lamuelem
437 1856 491 1888 acer
502 1842 526 1889 in
538 1843 675 1903 quibusdam
686 1847 745 1890 vett.

237 1910 277 1955 17.
294 1905 363 1954 Nure
376 1905 506 1962 celtiberus,
519 1907 637 1955 Celtiberia
648 1910 672 1955 in
684 1916 745 1954 terra
756 1907 795 1954 vel
805 1922 867 1954 orario
879 1906 982 1962 Celtiber,
996 1907 1116 1954 Celtiberia
1126 1909 1152 1954 iri
1162 1916 1222 1954 terra
1232 1907 1256 1954 in

203 1970 472 2036 prosequeremur.
489 1978 513 2018 et
529 1972 601 2018 MSC.
617 1978 678 2019 teste
694 1973 777 2019 Statio.
810 1972 914 2032 Scaliger
923 1971 948 2018 in
961 1973 1034 2019 MSC.
1046 1979 1070 2018 et
1082 1978 1139 2019 vett.
1151 1973 1221 2019 editt.
1229 1989 1255 2019 se

202 2035 379 2089 hemitonii:
397 2034 493 2081 Celtiber
503 2051 529 2084 ea
541 2037 660 2083 Celtiberia
670 2039 695 2083 ia
706 2045 775 2091 terra,
791 2038 853 2083 unde
864 2036 904 2082 ille
915 2036 974 2097 legit
991 2037 1089 2083 Celtiber
1099 2038 1124 2082 in
1136 2037 1255 2084 Celtiberia

203 2111 273 2151 terra.
286 2101 362 2149 editor
373 2099 570 2161 Cantabrigieneie
583 2103 641 2149 bene
653 2107 725 2147 tentat
742 2100 811 2147 Nunc
826 2100 920 2148 Celtiber
931 2111 953 2148 et
965 2100 1082 2148 Celtiberia
1092 2103 1116 2147 in
1127 2110 1196 2155 terra,
1214 2104 1256 2149 sed

203 2167 265 2215 mele
275 2165 380 2229 explieat
386 2182 398 2212 r
411 2163 481 2212 Nune
495 2177 547 2212 eam
562 2168 591 2212 ris
608 2165 711 2220 Celtiber,
727 2174 751 2212 et
761 2165 846 2212 Heius.
857 2167 882 2212 in
893 2165 948 2212 Not.
958 2167 988 2212 ad
1000 2166 1086 2218 Catuli.
1103 2167 1168 2217 vult:
1186 2165 1256 2213 Nune

205 2231 301 2283 Celtiber
316 2245 329 2285 ,e
348 2229 466 2277 Celtiberia
482 2237 560 2287 terra3
583 2231 689 2286 fodisse,
709 2239 823 2279 ulmeam
840 2246 933 2290 quoqne
948 2230 1094 2291 interponam
1112 2231 1257 2291 sententiam,

204 2293 274 2349 Nune
292 2293 395 2350 Celtiber,
412 2303 437 2341 at
454 2293 573 2342 Celtiberia
589 2296 614 2341 in
632 2303 703 2356 terra.
736 2297 810 2354 Quam
826 2294 851 2340 in
868 2300 958 2342 textum
978 2295 1109 2355 recepimus
1125 2294 1260 2350 lectionem,

203 2354 284 2472 §aneu
285 2354 379 2406 Celtiber
390 2373 419 2415 er,
430 2365 508 2406 exstet
519 2357 543 2405 in
555 2357 612 2406 edit.
624 2354 731 2421 Gotting.
743 2367 766 2406 et
777 2357 873 2420 Bipont.
884 2359 945 2407 houd
956 2360 1028 2408 dnbio
1040 2375 1071 2406 ex
1087 2359 1144 2406 edit.
1157 2359 1256 2407 Carred.

220 2421 318 2472 ertio.

234 2491 276 2537 19.
293 2487 413 2536 Pmnioore
421 2487 538 2552 gingivarn
549 2486 608 2550 legit
619 2487 731 2549 Apuleius
741 2487 765 2534 in
777 2487 894 2550 Apologia
904 2489 965 2536 buno
976 2503 1069 2537 nereum
1080 2489 1209 2552 proferens.

213 2641 218 2651 ·
233 2626 275 2676 16.
292 2625 627 2690 Namrituiaeptoresineptior
635 2628 703 2674 nulla
752 2631 792 2677 33.
803 2634 828 2674 et
839 2629 869 2676 V.
885 2630 916 2675 V.
932 2630 963 2676 l).
975 2630 1007 2676 D.
1027 2643 1086 2688 quoe
1100 2629 1160 2675 bene
1172 2627 1257 2675 multos

203 2704 243 2748 ed.
269 2699 637 2765 ,Antiqnnmetterumdintnm
662 2701 703 2747 Sio
752 2694 1259 2748 inbenerem'leuderitDreolreuborobnd

203 2772 228 2821 in
244 2770 364 2820 tramitis
381 2789 405 2820 v.
424 2775 465 2822 83.
482 2777 521 2822 84.
539 2789 564 2835 p.
576 2777 633 2822 224.
646 2772 704 2822 edit.
752 2771 795 2818 Sil.
811 2772 865 2819 ltul.
886 2773 958 2820 XVI.
980 2776 1037 2821 180.
1057 2773 1088 2819 ol.
1110 2774 1209 2819 eundem
1227 2772 1257 2818 ad

205 2845 310 2894 ussok.
332 2834 336 2843 ’
754 2842 807 2889 mv.
819 2842 904 2891 xxv.
916 2845 1017 2891 nrom.
1032 2845 1180 2905 111.p.956.

216 2928 219 2932 ’
289 2925 328 2978 ’,
410 2925 426 2974 ‚·
497 2960 509 2974 „
567 2957 594 2976 „v
639 2957 645 2975 ,
784 2921 825 2966 18.
844 2917 908 2971 Quod
928 2920 1019 2979 quiaque
1038 2918 1106 2965 mirre.
1125 2925 1171 2964 oet.
1188 2916 1256 2963 Idem

216 2957 662 3052 'm⁰⁶f⁴{⁶⁸?{⁶‘'eif⁷⁰⁴⁶l{‘⁷⁰i“ffll⁰'g
754 2987 784 3035 de
806 2989 932 3036 Celtiberis
958 2990 1030 3036 tradit
1053 2988 1154 3036 Diodor.
1182 2989 1258 3036 Siout.

217 3068 222 3086 ³
237 3030 318 3094 md&
334 3050 430 3095 mm
441 3050 510 3081 '‘m'‘
519 3053 552 3096 μη
563 3042 669 3098 ”Mb
754 3059 807 3108 lib.
818 3062 849 3109 V.
865 3061 891 3107 ri
906 3064 976 3122 σῶμα
992 3060 1076 3108 λούουσι
1093 3060 1142 3123 οὔρῳ
1159 3059 1258 3112 καὶτοὺς

227 3130 276 3175 17.
290 3127 359 3175 Nune
368 3128 706 3192 Celtiber,populusHisptniae
754 3130 844 3187 ὀδόντας.
855 3134 902 3180 'nbi
920 3134 967 3181 rid.
985 3134 1129 3194 wesseling.
1145 3135 1174 3180 Τ.
1190 3135 1211 3181 1.
1231 3148 1256 3193 p.

205 3200 389 3248 Veneoonensis.
416 3203 533 3251 Celtiberia
545 3213 606 3251 terra
617 3205 706 3250 dietum
754 3207 810 3254 357.
820 3207 861 3269 qni
871 3208 895 3254 in
908 3208 1004 3254 eandem
1016 3223 1066 3254 rem
1076 3207 1166 3254 indioat
1176 3205 1254 3253 lorum

205 3277 304 3319 utem
315 3271 405 3336 Africa,
423 3283 485 3322 terra
505 3275 626 3337 Hispania,
643 3283 707 3323 terra
756 3278 863 3325 Stmbon.
876 3280 930 3327 Lib.
941 3281 990 3328 111.
1007 3297 1031 3343 p.
1049 3282 1105 3329 249.
1120 3280 1161 3327 nbi
1172 3280 1200 3326 cl.
1213 3278 1258 3326 Ce-

208 3343 337 3406 Cotrpania.
350 3346 397 3393 vid.
412 3347 484 3410 Vulp.
499 3348 528 3394 ad
542 3348 629 3396 Tibull.
646 3348 668 3396 1.
681 3351 705 3396 9.
757 3352 880 3399 sanbonns.

628 3548 842 3596 -Qw-

533 3731 795 3819 CARMEN
834 3737 931 3820 XL.

617 3923 663 3971 AD
681 3923 844 3972 ntvtnbtt.

225 4014 229 4018 ι
336 4045 512 4128 Quintis
527 4054 561 4112 te
576 4047 664 4114 mala
679 4070 782 4134 mens,
799 4050 926 4117 miselle
941 4050 1084 4135 Ravide,

236 4207 348 4256 Fnrorem
358 4196 714 4271 lteridiinerepet,qaireternn
754 4215 805 4274 ejus
817 4213 917 4274 puellam
929 4212 978 4276 [rel
995 4213 1104 4277 puerum]
1118 4214 1146 4260 ed
1156 4229 1257 4261 amorem

204 4279 339 4329 nb'dembie
353 4280 441 4328 Catulli
453 4281 707 4332 timendeoontnmelia
755 4285 899 4334 sollicitaret.

203 4367 228 4401 se
239 4352 352 4402 deterreri
363 4368 410 4402 nou
425 4368 507 4418 perere
524 4355 564 4414 eit,
574 4356 707 4417 quominus
777 4362 820 4404 ›1..
831 4357 939 4412 Querens
953 4366 975 4406 te
990 4359 1050 4406 emto
1068 4373 1127 4406 mem
1138 4364 1184 4406 eet.
1199 4358 1259 4407 wie
