2872 4972
200 368 251 435 ur
354 334 370 391 ·’
390 364 712 436 -·1tnnn11-1N
743 359 1045 437 onuunnuu

200 572 274 644 'cum
287 551 462 614 vocabulum
479 563 581 631 putare
599 565 704 634 quater
723 555 886 638 repetitum,
901 567 964 615 tum
975 553 1064 616 etiam
1077 564 1142 614 tote
1152 552 1261 615 verbo}

204 667 269 706 rum
282 657 440 720 structura,
457 651 569 724 putatis
582 649 657 706 uobis
673 647 753 707 licere
760 677 766 685 ·
768 659 878 726 putare.
905 649 1074 709 -Postremo
1092 658 1192 727 potest
1210 666 1260 707 ar·

204 751 346 820 gumentu
360 759 435 812 esse,
449 740 539 820 quod,
560 739 584 799 si
602 740 682 802 hunc
696 761 812 801 versum
826 752 995 822 suspectum
1016 741 1135 801 missum
1151 739 1259 800 feeeri-

203 849 278 907 mus‚
292 833 465 911 precedens
481 832 520 892 ad
531 832 710 912 elegantiam
723 853 806 894 suam
817 835 981 906 reducetur,
996 844 1027 892 et
1041 832 1123 912 quod
1136 850 1259 892 causam

203 924 412 1004 intelligemus,
437 944 496 1003 qua
512 925 699 1006 interpolatio
719 939 784 1001 orta
802 926 849 988 sit.
877 929 992 993 ¹Quum
1006 925 1084 987 enim
1097 925 1192 985 lector
1204 923 1258 983 ali·
1351 934 1353 939 ’
1413 894 1416 949 Ῐ

203 1018 268 1099 quis
282 1037 341 1079 non
353 1018 542 1097 intelligeret,
556 1038 615 1098 quo
625 1019 812 1080 referendum
826 1029 906 1080 esset
922 1039 987 1080 voc.
999 1021 1090 1092 licere,
1108 1037 1146 1079 eo
1159 1037 1260 1104 sensu!

203 1132 263 1191 quo¹
276 1111 421 1191 significat
434 1112 453 1171 i.
467 1133 496 1191 q.
511 1113 629 1184 concedi,
648 1114 781 1190 peuudti,
801 1112 973 1173 infinitivum
986 1112 1114 1192 adjecit;
1134 1129 1191 1171 nec
1205 1110 1259 1170 de·

204 1219 287 1267 erant
301 1207 449 1286 ingeniolo
462 1207 553 1290 salaci
566 1226 644 1268 nova
655 1207 808 1281 vocabula,
820 1208 860 1269 sd
872 1209 949 1284 hauc
960 1228 1022 1269 rem
1035 1218 1116 1288 apta.
1156 1207 1258 1273 Quare

204 1300 392 1363 scribendum
405 1310 489 1382 puto,

472 1472 475 1477 ·
495 1459 558 1509 Solis
567 1461 655 1523 putatis
664 1476 718 1510 csse
726 1463 842 1511 mentulas
850 1461 935 1511 vobis?

495 1537 556 1585 Solis
565 1537 636 1586 licere
645 1536 757 1601 quidquid
769 1544 805 1585 est
815 1537 961 1600 puellarum?

494 1613 541 1670 An,
553 1615 699 1664 continenter
710 1613 757 1663 dm.

196 1768 334 1831 ,Verbum
345 1768 426 1826 licere
439 1784 477 1828 eo
490 1783 587 1839 sensu,
602 1784 663 1845 quo
676 1764 756 1840 idem
771 1777 816 1830 est
830 1784 867 1840 ac
886 1775 1023 1844 prostare,
1038 1765 1180 1849 prostitui,
1193 1783 1253 1841 non

193 1861 290 1921 modo
304 1860 343 1919 de
362 1858 451 1918 rebus
465 1859 613 1918 venalibus
632 1857 750 1919 omnino
765 1858 880 1930 dicitur,
906 1858 959 1923 sed
980 1857 1068 1933 etiam
1087 1859 1201 1938 proprie
1215 1858 1254 1937 de

195 1952 316 2032 puellis,
328 1970 406 2031 qum,
427 1962 461 2011 ut
485 1949 618 2011 Catullus
633 1950 674 2010 ait
689 1949 781 2029 (CX.)
797 1970 830 2010 se
854 1969 976 2029 corpore
994 1949 1184 2031 prostituunt,
1205 1949 1255 2023 vel

193 2063 309 2124 ‚corpus
321 2062 407 2104 suum
416 2043 455 2102 ad
469 2041 620 2102 libidinem
634 2042 765 2101 vendunt
775 2041 805 2100 in
819 2042 958 2114 tabernis,
973 2061 1046 2121 quas
1062 2040 1171 2103 Catulli
1184 2061 1254 2116 con-

192 2136 369 2198 tubernales
383 2137 474 2203 ‚obire
495 2133 815 2220 solebant-Martial.
828 2136 883 2195 v1.
896 2140 948 2197 66.
970 2135 1064 2194 Parvo
1082 2155 1144 2194 cum
1162 2137 1254 2213 pretio

193 2231 247 2291 ‚dia
255 2231 348 2290 liceret
361 2227 556 2304 dcc-‚Plaut
571 2227 723 2288 Menoech.
737 2226 776 2286 V.
784 2232 814 2289 9.
828 2229 878 2292 97.
892 2228 931 2287 ad
944 2222 974 2306 qss'
989 2226 1009 2285 l.
1024 2227 1072 2287 vd.
1086 2227 1251 2308 interpr.-

194 2323 318 2383 ⁴Eodem
331 2322 421 2382 modo
443 2320 579 2382 Juvenal.
600 2320 656 2379 1v.
677 2323 737 2407 ²43.
756 2341 810 2398 quo
823 2342 874 2381 non
892 2329 1005 2398 prostat
1013 2321 1125 2404 finire
1145 2323 1249 2402 tempto,

200 2414 330 2486 -Ovid
345 2433 387 2490 ex
401 2414 498 2493 Pont0
510 2413 550 2493 11,
565 2417 594 2473 3·
607 2417 663 2499 Ῑθῆ
763 2408 765 2413 ’
1017 2414 1019 2418 ’

458 2569 520 2617 Illud
533 2569 641 2617 amicltiae
648 2569 764 2632 quondum
774 2571 905 2619 venerabile
915 2585 1001 2623 nornen

490 2647 595 2705 Prodat,
603 2646 659 2694 etin
671 2653 760 2709 questu
770 2663 812 2711 pro
823 2647 946 2696 meretrice
958 2648 1033 2696 sedet.

198 2787 281 2849 Hinc
291 2786 401 2849 Statius
408 2785 493 2859 (Silu.
503 2786 528 2845 l.
539 2791 568 2848 6.
581 2786 646 2864 67.)
661 2789 726 2848 Huc
736 2759 947 2863 intrantfacilea
956 2789 1007 2863 emi
1013 2786 1248 2879 pirella-Prog,

196 2884 376 2962 111‚19.19.
397 2882 506 2945 Horat.
522 2881 584 2943 Sat.
596 2882 621 2943 l.
636 2884 666 2941 2.
681 2885 731 2959 30.

419 3053 455 3086 vs.
469 3041 492 3086 9.
509 3036 580 3114 Atqui
592 3043 685 3098 potate:
704 3051 804 3109 usuique
815 3037 889 3086 tutius
900 3008 968 3088 vobis
981 3037 1026 3088 dic.

196 3179 292 3239 Usum
316 3178 520 3256 particularum
539 3195 601 3237 som
623 3180 730 3254 etjam
748 3177 840 3237 critici
863 3197 921 3238 non
942 3198 1059 3258 semper
1082 3178 1247 3258 diligenter,

195 3269 440 3349 quemadmodum
455 3270 613 3340 debebant,
624 3281 767 3343 curarunt,
777 3281 810 3329 ut
821 3291 882 3329 nam
892 3272 954 3331 sine
962 3271 1022 3330 ulla
1030 3271 1248 3349 significatione

195 3359 406 3422 connectendis
420 3361 572 3420 sententiis
585 3361 725 3422 inservire
739 3373 885 3441 putarent,
900 3373 941 3436 et,
957 3363 1007 3423 ubi
1020 3384 1080 3440 non
1091 3365 1182 3444 primo
1196 3367 1250 3442 ad-

196 3468 298 3534 spectu
308 3455 433 3532 intelligi
447 3465 556 3533 posset,
571 3455 666 3514 statim
678 3466 825 3515 mutarent
838 3456 948 3536 injum.
975 3458 1017 3516 At
1031 3458 1249 3530 consideranda

189 3560 240 3610 est
255 3548 393 3609 sermonis
407 3549 480 3608 ratio
495 3560 525 3607 et
539 3548 593 3620 vis,
609 3569 676 3628 quae
690 3568 768 3610 nunc
779 3548 868 3622 illam,
878 3570 958 3613 nunc
971 3550 1048 3625 hanc
1059 3551 1247 3631 particulam,

192 3644 222 3702 in
233 3642 384 3702 codicibus
398 3642 570 3721 plerumque
581 3641 725 3713 confusas,
741 3640 842 3720 exigit
883 3642 1009 3722 Legitur
1023 3644 1104 3724 apud
1117 3643 1248 3724 Proper?

171 3786 173 3790 ,
191 3735 265 3802 tium
280 3737 306 3796 1.
318 3740 352 3796 3.
362 3737 413 3800 37.

394 3892 500 3951 Namque
511 3891 552 3937 ubi
562 3890 632 3963 longa
642 3907 700 3939 mea
711 3893 840 3959 consumsti
851 3901 956 3956 tempora
964 3890 1041 3944 noctis

461 3967 597 4043 Languidus
610 3968 706 4039 exactis„
718 3969 763 4015 hen
775 3969 840 4028 mihi,
851 3970 984 4018 sideribus?

190 4106 227 4164 -ln
249 4105 353 4184 quibus
368 4124 456 4184 quum
480 4105 605 4184 primum
622 4107 742 4174 verbum
757 4127 816 4166 non
835 4107 983 4170 videretur
1006 4109 1132 4190 intelligi
1146 4131 1248 4191 possa,

192 4198 334 4257 Heinsius
349 4208 379 4256 ct
394 4197 568 4257 Kuinoclius
577 4209 723 4259 mutarunt
731 4204 847 4279 jamque
855 4227 867 4271 ,·
889 4204 965 4262 male
979 4213 1010 4262 et
1020 4215 1127 4283 praeter
1141 4225 1248 4270 neces·

183 4293 317 4363 citatem.
359 4291 436 4350 Nam
446 4291 476 4349 in
488 4292 716 4370 interrogatione
730 4312 917 4375 quacunque„
923 4297 1071 4376 praecipue
1086 4317 1166 4372 nero,
1176 4320 1248 4375 curn
