2872 4972
512 323 757 419 'cunnus
785 348 887 416 nxr.

396 539 577 603 Desertum
592 534 717 601 domini
733 532 874 600 audiens

391 647 609 714 Concubinns
630 668 788 713 amorem.

476 758 534 823 Da
548 774 651 824 nuces
664 758 791 849 pueris,
807 756 897 822 iners

391 867 601 933 Concubine.
647 852 737 935 Satis
751 868 810 932 diu

391 977 521 1044 Lusisti
536 977 700 1042 nucibus.=
734 976 863 1042 Lubet'

388 1087 413 1154 J
416 1109 469 1152 am
488 1086 614 1153 servire
627 1085 819 1152 Thalassio.

387 1195 585 1262 Concubine
605 1217 707 1263 nuoes
721 1198 774 1262 da.
1170 1189 1230 1257 135

477 1307 666 1378 sordebant
681 1308 743 1372 tibi
758 1300 871 1374 villnli

205 1500 261 1546 119.
279 1495 394 1544 Desertum
406 1494 493 1544 Deum
508 1497 603 1545 audieus
616 1497 654 1545 sel
668 1499 778 1548 desertum
792 1499 908 1546 misum
923 1497 1016 1544 nudum
1031 1510 1061 1542 es
1074 1490 1145 1540 MSS.
1157 1489 1226 1565 affert

171 1560 271 1617 Statius,
289 1561 329 1623 qui
340 1560 445 1622 corrigit,
459 1559 568 1625 desertum
583 1563 694 1610 murinum
709 1564 803 1612 uudim
819 1561 972 1619 Curulium
993 1560 1018 1606 in
1035 1573 1105 1606 versu
1121 1561 1226 1618 sequenti

170 1641 215 1687 pro
225 1641 321 1673 ammon
332 1626 371 1673 alii
382 1627 462 1688 legunt
472 1641 560 1689 umora,
572 1632 597 1673 at
607 1627 707 1675 Vossius
718 1628 770 1675 vult
779 1642 853 1675 umore
858 1643 868 1686 ,·
886 1643 931 1674 neo
940 1625 1081 1679 dubitamus,
1095 1620 1150 1683 quin
1160 1626 1226 1685 reete
1247 1650 1251 1658 ·

171 1690 255 1751 aliquis
265 1691 362 1737 deunru
371 1705 445 1737 autore
456 1698 482 1737 ut
492 1691 591 1738 ἀσωτία(
600 1685 676 1739 enims
686 1691 734 1739 diei
745 1692 831 1754 possit,
846 1692 888 1739 sed
901 1691 937 1738 sio
951 1690 1010 1737 dure
1024 1684 1179 1749 supplendum
1189 1688 1227 1732 est
1318 1710 1322 1716 -

170 1767 207 1812 ss,
224 1754 298 1816 magis
315 1755 393 1815 plauet
408 1755 542 1815 oonjeotura
557 1753 656 1802 editoris
671 1756 883 1818 cantabrigiensis:
900 1757 992 1803 duetus
1008 1753 1116 1800 domino
1131 1750 1225 1798 audiun

172 1818 314 1866 Combinus
323 1834 414 1876 umore,
424 1819 464 1865 vel
474 1819 586 1866 dantum
596 1818 705 1868 domiuo
715 1822 807 1868 oucibus
819 1821 960 1868 combinat
972 1831 1094 1866 umorem.

204 1886 261 1932 136.
276 1883 326 1930 Hio
337 1898 420 1931 versus
436 1889 482 1930 tam
492 1882 594 1930 leotione
604 1899 673 1944 quam
684 1885 874 1946 interpretatione
889 1884 973 1932 misere
989 1884 1101 1946 tiuotuaus
1114 1886 1138 1927 et
1148 1878 1223 1947 impe-

170 1946 234 1995 ditus
246 1963 292 1995 uon
302 1963 384 2010 parurn
395 1947 502 1994 exarouit
517 1947 669 2008 interpretum
685 1948 784 2011 ingenia.
801 1951 826 1996 iu
842 1949 898 1996 edit.
916 1949 999 1995 Venet.
1016 1948 1047 1995 ab
1063 1961 1101 1992 au.
1118 1947 1189 1993 1493.
1200 1950 1226 2007 et

171 2012 338 2073 antiquissimis
349 2013 415 2059 editt.
423 2011 524 2072 legitur:
542 2011 662 2059 Sordebum
672 2013 712 2061 tibi
723 2013 802 2061 villice
808 2030 817 2070 ,·
830 2019 854 2059 et
864 2014 900 2060 sio
910 2012 991 2073 legunt
1001 2009 1189 2072 quoquelllaret.
1200 2011 1226 2054 et

170 2075 257 2132 Aobitl,
273 2075 332 2122 Stat.
347 2091 376 2123 ue
392 2077 431 2137 γςὺ
446 2076 541 2137 qnidam
552 2077 583 2122 de
593 2076 702 2125 leotiouis
711 2077 825 2125 varietate
840 2077 960 2124 addentes.
994 2076 1104 2137 Subjeots
1117 2087 1174 2120 vero
1189 2074 1226 2118 est

171 2154 185 2185 s
195 2139 290 2188 Murato
300 2140 351 2186 lueo
361 2140 534 2201 interpretatio:
552 2146 570 2170 ⁴‘
582 2139 626 2196 Tu,
636 2140 719 2202 inquit,
729 2157 801 2202 nuper
811 2141 940 2189 villicorum
950 2140 1086 2188 (ῐίειιιαυίαπὶ
1100 2137 1225 2198 te'eupien·

171 2206 228 2252 tium
238 2205 319 2260 oxulu,
328 2221 370 2265 pro
379 2203 569 2268 iuuetusormosis
579 2206 679 2252 omnibus
687 2207 799 2266 superbia,
808 2203 942 2270 effugiebat,
958 2213 980 2252 et
990 2218 1064 2251 umore
1071 2200 1226 2267 dominiseror

136 2300 141 2315 ,
169 2274 194 2315 et
196 2267 279 2332 forme
290 2268 355 2315 bono:
371 2276 397 2315 ot
406 2285 469 2317 uuuo
482 2275 540 2316 eerte
549 2270 598 2316 istor
608 2270 692 2316 animos
701 2269 808 2325 moritus,
818 2285 869 2318 eum
879 2277 902 2317 et
911 2270 1013 2316 muninus
1026 2269 1058 2317 ud
1072 2267 1164 2327 nuptias
1173 2265 1224 2329 uulf

171 2349 232 2380 mum
242 2334 348 2394 orlp'eoerit
363 2341 385 2380 et
400 2335 490 2380 tondere
505 2341 526 2380 te
534 2333 638 2394 jusserit,
653 2334 711 2396 quod
727 2335 809 2382 iudicio
824 2342 864 2390 est,
880 2343 901 2381 te
910 2335 931 2381 ei
940 2335 1037 2395 emplius
1049 2334 1073 2380 in
1085 2331 1172 2378 luetis
1180 2344 1225 2378 m

162 2395 300 2460 fore.’'—-at
309 2397 334 2444 iu
340 2397 426 2445 ueteris
432 2397 574 2446 editionibus
584 2397 634 2445 iere
645 2398 752 2446 omuibus
759 2397 1002 2460 Ald.Grypb.Sualig.
1012 2399 1083 2445 Voss.
1090 2393 1225 2457 Cantabrig.

171 2462 243 2522 Vulp.
259 2461 354 2522 Bipout.
369 2461 409 2509 bio
426 2478 507 2510 versus
521 2461 556 2509 its
570 2463 699 2524 protertur:
721 2462 839 2511 Sordebum
852 2463 893 2510 tibi
905 2462 979 2510 villice
996 2460 1166 2516 concubine,
1182 2457 1224 2509 aad

170 2526 269 2573 Vossius
286 2525 405 2587 subjungit
419 2525 477 2574 bauo
494 2526 724 2587 interpretationem:
748 2532 765 2556 “
780 2527 899 2575 &debers
915 2527 964 2583 tibi,
981 2528 1064 2589 iuquit,
1077 2541 1090 2572 o
1103 2522 1224 2572 comum

169 2591 249 2646 villice,
259 2606 334 2653 meque
343 2592 464 2653 indignum
472 2592 641 2652 tuisjudieubas
651 2592 770 2648 umoribus,
779 2593 851 2642 elatus
862 2605 936 2652 nempe
945 2598 967 2637 et
977 2587 1168 2653 supertmforme
1177 2595 1224 2636 tae

167 2658 306 2714 praestamiu,
320 2662 343 2702 et
352 2655 418 2701 simut
428 2657 486 2717 pund
496 2656 584 2702 villicus
594 2671 632 2703 reu
647 2656 783 2716 dispeusator
793 2664 814 2703 et
824 2658 899 2703 omniu
908 2670 960 2703 esser
968 2657 1030 2716 opud
1040 2655 1155 2701 mutuum
1161 2669 1171 2711 ,·
1186 2652 1225 2700 sed

170 2721 269 2768 concidet
280 2720 321 2767 tibi
331 2721 371 2767 iste
380 2721 481 2780 spiritus,
495 2728 517 2766 et
521 2722 627 2781 jamjam
637 2721 702 2767 miser
711 2737 727 2767 u
734 2736 792 2768 nouo
800 2729 874 2782 nuptu
885 2720 980 2768 tradetis
989 2720 1109 2774 umeris,
1118 2718 1157 2780 qui
1169 2728 1224 2767 'ean

170 2785 279 2842 capillitio
288 2784 355 2830 simul
365 2799 448 2846 quoque
458 2782 547 2848 aufirst
556 2784 622 2832 luam
632 2783 963 2847 arrogantium.”-Sordebout
978 2784 1020 2831 tibi
1035 2783 1109 2831 villice
1121 2782 1146 2829 in
1156 2780 1225 2829 libr.

169 2848 222 2895 MS.
239 2849 297 2896 edit.
309 2848 371 2909 Reg.
382 2858 406 2896 et
421 2848 505 2896 Heius.
517 2855 566 2895 vet.
577 2849 629 2900 oud.
640 2853 700 2896 teste
716 2849 774 2902 edit.
784 2847 1013 2909 cantabrig.-Mibi
1027 2847 1122 2909 quidem
1137 2845 1162 2893 in
1179 2844 1226 2893 bus

169 2927 241 2959 versu
253 2928 347 2973 semper
357 2919 467 2973 suspeota
477 2912 521 2960 ruit
532 2928 579 2963 vox
590 2913 669 2964 villice
677 2913 716 2960 vel
726 2915 799 2967 villice
805 2931 814 2971 ;
826 2930 872 2960 nou
881 2913 951 2961 video
958 2912 1020 2961 enim
1030 2927 1072 2962 our
1080 2909 1225 2959 oououbinus

169 2977 240 3037 paulo
248 2979 297 3038 jam
308 2976 410 3023 adultior
420 2983 444 3024 et
455 2976 568 3024 cinerario
579 2993 634 3027 mos
646 2977 776 3029 tondendus
787 2978 873 3025 villieus
888 2977 1007 3038 proeoipue
1017 2974 1176 3033 oontemserit,
1192 2973 1223 3022 sd

169 3057 227 3102 quas
242 3043 341 3089 animum
353 3041 430 3101 potins
446 3041 487 3088 ille
503 3056 563 3087 nuno
575 3041 689 3103 adjeoisse
700 3042 823 3102 videatur5
838 3057 882 3095 ueo
898 3041 955 3089 mibi
970 3041 1113 3103 persuadere
1127 3053 1223 3105 mnam

168 3107 325 3154 oonoubiunm
336 3105 423 3152 domiui
434 3105 621 3167 dispensatorem
632 3107 656 3153 iu
667 3108 717 3166 aius
728 3108 796 3154 domo
805 3106 893 3165 luisse3
909 3105 982 3169 [male
993 3106 1056 3162 enlm
1066 3105 1166 3153 tortasse
1175 3103 1224 3151 bau

169 3171 270 3218 traxeris
280 3171 358 3218 looum
370 3170 473 3217 Martial.
484 3171 520 3217 Il.
533 3174 572 3218 18·
583 3175 622 3220 24.
634 3171 773 3234 aeqq.]·neo
784 3171 883 3233 denique
894 3177 1000 3234 apparet,
1010 3185 1052 3218 our
1062 3168 1176 3226 Catullus,
1191 3183 1224 3216 ex

170 3235 237 3298 eujus
254 3251 354 3296 parona
363 3235 428 3282 diets
441 3233 533 3283 omniuo
544 3235 660 3292 sidentur,
675 3237 793 3284 Srrrdebmn
803 3236 844 3283 tibi
854 3235 936 3290 vidue,
952 3235 1082 3283 uonoubino
1097 3231 1223 3290 sorduerit,

170 3301 209 3346 rel
223 3302 252 3348 ab
266 3301 307 3347 illo
319 3303 445 3363 despectus
464 3299 512 3348 sit?
539 3299 708 3349 Desiderabum
724 3300 797 3363 igitur
815 3314 895 3348 vocem
912 3300 1020 3361 aliquam,
1040 3315 1092 3361 quse
1108 3297 1224 3359 usuagis

169 3365 322 3425 responderet
334 3363 494 3427 sequentibus,
504 3366 599 3425 pomum
609 3367 741 3429 horiginem
753 3373 851 3422 notaret,
866 3373 891 3414 et
902 3381 967 3420 eoae,
977 3365 1048 3413 variis
1059 3380 1074 3412 a
1084 3379 1122 3412 me
1136 3365 1224 3421 frustm

169 3429 273 3485 tentatis,
290 3437 420 3494 opportune
433 3430 571 3478 Corrudiuus
582 3431 609 3477 de
619 3430 688 3487 Atlio,
705 3433 771 3492 eujus
786 3432 920 3495 editionem,
936 3429 1017 3477 neseio
1031 3445 1077 3490 quo
1088 3428 1159 3478 taedio
1170 3441 1224 3477 raro

170 3493 227 3540 alius
239 3495 361 3546 oonsnlere
372 3495 447 3551 soleo,
465 3508 495 3540 es
513 3493 575 3541 libro
593 3493 665 3548 MSC,
682 3495 771 3555 profert
787 3493 871 3550 uiilrdi,
889 3509 940 3554 que
957 3493 1037 3554 leutio,
1053 3493 1105 3540 sive
1121 3506 1178 3540 vere
1196 3490 1224 3541 ia

168 3557 224 3609 libr.
236 3559 307 3605 Msc.
324 3557 444 3612 corradini
453 3557 559 3610 extiterit
580 3557 631 3605 eise
642 3559 671 3616 ab
682 3561 733 3618 ejus
743 3559 834 3619 iugenio
847 3559 951 3618 prolaeta
961 3557 1001 3618 sit,
1011 3556 1079 3604 nuiee
1091 3571 1145 3604 vers
1155 3563 1179 3604 st
1187 3553 1224 3604 rol

170 3622 410 3669 accommodatissima
421 3622 521 3668 videtur.
549 3589 647 3673 duratus
656 3629 694 3669 est
702 3623 866 3678 diminuttvum
877 3638 891 3669 s
901 3623 976 3678 villus,
983 3621 1054 3684 quod,
1062 3621 1144 3671 eodem
1152 3619 1224 3669 modo

170 3696 198 3735 ut
209 3686 301 3751 lanugo,
312 3687 341 3734 ad
352 3687 440 3748 primos
448 3692 472 3734 et
482 3693 576 3739 teneros
584 3685 610 3737 lu
617 3685 683 3748 genis
691 3687 873 3735 adnleseentlum
881 3686 1067 3749 propellulautes
1076 3684 1138 3757 pilos
1147 3691 1223 3733 trans

203 3829 259 3875 131.
278 3824 341 3873 luera
351 3825 478 3873 rotundior.
489 3827 608 3888 eleganter
622 3826 671 3888 jam
753 3828 874 3874 136-41.
885 3824 1007 3887 Sordebum
1016 3824 1056 3873 tibi
1061 3823 1146 3889 uilluli:
1157 3820 1222 3888 (sisi.

170 3905 268 3946 sonatur
279 3899 339 3946 iners
356 3898 386 3945 ob
398 3899 568 3954 cunetatiouem
582 3905 606 3951 at
616 3913 672 3955 pon·
721 3900 752 3945 de
771 3897 816 3944 bau
833 3905 928 3956 reoepta
946 3895 1047 3959 leotloue
1068 3896 1122 3942 Ver.
1143 3891 1222 3957 lest.)

171 3969 219 4017 silit
231 3970 340 4032 inopiam,
350 3969 468 4032 precipue
484 3985 536 4016 oum
548 3969 632 4027 eiuredi
647 3978 671 4018 et
722 3984 804 4017 seusus
817 3975 869 4016 est:
884 3968 984 4035 Sordere
998 3968 1041 4015 tibi
1053 3969 1101 4029 jam
1119 3966 1175 4014 inde
1190 3969 1221 4016 ab

169 4042 258 4108 pathici
274 4040 418 4089 naturalibus
429 4057 458 4088 ex
473 4040 551 4088 causis
570 4041 617 4096 sint
636 4042 671 4098 iu·
722 4043 799 4104 aliquo
813 4048 928 4103 tempore,
945 4041 969 4088 b.
981 4057 1002 4088 e.
1014 4041 1105 4103 ingrata
1122 4041 1221 4088 molesta

169 4120 231 4161 ortes
239 4122 262 4162 et
271 4113 478 4177 ignavi-Seruus
489 4112 609 4170 Thalassio,
617 4113 671 4174 Hy·
722 4129 767 4176 qne
778 4129 832 4161 esse
842 4113 914 4173 coepit
931 4127 1080 4174 suooresoeus
1091 4111 1134 4158 tibi
1146 4118 1170 4158 et
1182 4126 1223 4174 gs·

170 4188 252 4234 menesi
265 4187 337 4234 ‘saeris
350 4185 449 4246 operari.
471 4185 597 4233 Thalassius
608 4187 670 4234 unda
722 4203 764 4235 nes
774 4187 909 4244 inumbrans
921 4187 1015 4247 lanugo,
1026 4201 1082 4244 ecoe
1092 4201 1153 4233 nuno
1163 4193 1222 4234 taut·

169 4259 248 4307 dietus
268 4260 420 4322 Hymenaeus,
439 4259 487 4308 vid.
506 4259 567 4323 apud
585 4257 638 4308 lsiv.
648 4259 670 4307 1.
722 4274 767 4322 pus
781 4258 856 4315 adest,
871 4275 917 4320 quo
929 4259 1055 4306 uinerarius
1066 4265 1144 4320 nuptm
1153 4261 1222 4319 J'ussa

169 4333 305 4383 ascribi
317 4333 402 4382 Stroth.
722 4332 1016 4380 ossuum-tonsurustsse
1031 4330 1075 4379 tibi
1091 4332 1222 4380 molestiam

972 4408 996 4457 R
