2872 4972
225 341 270 413 26
410 337 642 407 ἨΑΙΙΠΙΙ
670 339 734 408 IN
763 336 1072 407 causatum
1104 352 1130 377 ·“

266 587 369 668 Pergit
380 599 469 669 poeta
480 610 491 652 r

482 718 571 767 Tecum
579 717 661 769 ludere
671 716 794 782 sicutipse
803 731 907 781 possem

226 847 275 909 Ita
288 847 366 908 enim
382 856 466 906 recte
477 843 609 924 legitur
600 864 631 904 m
644 842 739 905 MSS
753 843 888 904 omnbus
908 843 1002 916 Statii,
1015 821 1192 918 Dresdensi,
1207 853 1240 906 et
1252 844 1287 905 in

225 940 309 1000 editt
322 938 442 999 Vicent.
460 935 544 998 Brix.
564 947 596 997 ct
609 936 731 996 Venett.
746 935 830 995 Male
847 935 920 996 Ald.
937 935 965 1017 Ι.
978 937 1171 1014 secum—ipse,
1192 956 1288 1018 quam

225 1028 456 1109 correctionem
468 1028 558 1090 etiam
578 1027 753 1090 Parthenius
774 1038 805 1087 et
824 1047 927 1107 margo
950 1026 1070 1090 Vicent.
1103 1048 1287 1091 commemo·

113 1146 118 1156 ·
226 1133 302 1197 rant,
328 1122 507 1189 Aventinae
528 1121 631 1182 codice
654 1118 749 1181 affert.
800 1116 837 1177 In
854 1119 950 1180 verbis
964 1131 1068 1183 autem
1093 1131 1149 1180 tam
1167 1131 1288 1201 ςνοιιιηι

225 1219 292 1276 mili
297 1215 422 1297 minime
441 1214 564 1286 haereas,
584 1233 642 1274 uec
661 1211 735 1274 cod.
755 1209 866 1273 Dresd.
882 1223 915 1273 et
933 1213 1016 1273 editt.
1029 1226 1102 1275 vett.
1123 1215 1287 1279 lectionem

223 1293 337 1390 gratum
350 1317 391 1367 eat
402 1307 468 1366 miti
480 1307 613 1389 recipias,
632 1304 713 1385 quod
726 1303 856 1364 Vossius
869 1315 900 1366 et
912 1303 1036 1387 Vulpius
1048 1307 1132 1368 fecit.
1173 1305 1287 1369 Omisit

137 1408 142 1417 '
226 1412 315 1482 poeta
321 1401 405 1482 foret
417 1399 464 1460 vel
476 1401 593 1472 uidetur,
608 1396 877 1478 quemadmodum
869 1417 898 1456 ιιι
911 1397 1043 1478 pluribus
1060 1410 1195 1461 ueterum
1207 1400 1286 1460 Iocis

226 1493 1269 1556 observavi..

267 1584 412 1648 Ultimum
425 1602 542 1645 versum
555 1582 695 1645 Aventius
709 1578 747 1642 οι
760 1581 925 1662 antiquiore
940 1581 1068 1687 codice
1059 1593 1102 1646 sta
1115 1584 1260 1653 affert,
1285 1660 1291 1669 ι

549 1755 613 1828 quod
621 1769 702 1803 aonam
713 1754 785 1803 soluit
795 1754 837 1803 diu
848 1761 969 1816 negatam

228 1914 296 1975 quse
309 1892 400 1955 lectio
413 1913 472 1954 uon
486 1893 563 1954 mala
576 1893 701 1953 videtur.
744 1895 887 1965 Attamen
900 1914 960 1956 non
980 1895 1094 1967 dubito,
1109 1897 1180 1977 quin
1200 1907 1290 1963 recte

229 1989 348 2068 legabat
373 1989 421 2046 diu
443 1988 567 2065 ligatum,
593 1997 625 2046 et
643 1984 716 2059 illud
740 1986 911 2065 glossatoris
932 1987 980 2048 sit.
1021 1987 1186 2048 Priscianus
1204 1980 1287 2060 euim

227 2081 291 2157 dib.
303 2079 329 2139 1.
342 2100 373 2159 p.
386 2083 457 2141 546.
477 2078 497 2140 Ι.
512 2082 563 2141 33.
578 2077 712 2151 Putsch.)
732 2077 790 2138 ita:
813 2085 833 2115 “
848 2078 982 2139 Catullus
997 2079 1176 2151 Veronensis
1190 2101 1291 2154 zonam.

229 2174 312 2233 soluit
334 2174 449 2251 ligatam
471 2172 550 2231 inter
576 2170 842 2250 hendecasyllabos
867 2170 1032 2233 Phalaecius
1057 2174 1163 2252 posuit.
1202 2175 1289 2253 Ergo

229 2264 285 2324 nisi
305 2264 387 2324 soluit
406 2262 586 2344 trisyllabum
607 2263 743 2342 accipias,
758 2283 858 2324 versus
879 2275 958 2324 stare
976 2285 1035 2326 non
1055 2266 1190 2346 potest.’'.
1222 2267 1289 2328 Cu«.

225 2361 275 2434 jus
289 2355 447 2417 auctoritas
466 2374 527 2416 non
546 2355 665 2416 minoris
686 2356 826 2416 momenti
848 2375 913 2417 esse
927 2355 1044 2419 videtur
1064 2369 1154 2440 atque
1168 2360 1287 2420 Avantii

230 2448 337 2510 codex.

631 2641 683 2701 Ad
705 2642 803 2704 Carm.
825 2638 878 2701 1V.

273 2785 325 2844 Vs.
340 2788 370 2846 3.
390 2782 565 2843 Lectionem
579 2783 689 2845 codicis
704 2784 821 2865 optimae
842 2792 929 2855 notae,
943 2802 1003 2862 quo
1016 2802 1085 2844 usus
1099 2796 1145 2844 est
1158 2784 1288 2853 Hieron.

232 2878 381 2939 Columna
391 2876 452 2952 (vd.
465 2896 533 2937 eum
546 2877 585 2937 ad
599 2876 728 2936 Ennium
741 2896 770 2957 p.
787 2877 867 2953 143.)
881 2886 1053 2950 memoratu,
1064 2876 1126 2964 'nisi
1142 2877 1218 2948 adeo
1239 2875 1288 2967 ress

232 2978 321 3051 ceptu
335 2967 453 3050 dignam
466 2969 638 3051 putaverIm.
660 2968 754 3030 Affers
766 2989 832 3067 eam
842 2968 931 3029 etiam
943 2967 1032 3030 Pucc.
1041 2968 1072 3029 in
1083 2970 1153 3031 edit.
1164 2969 1293 3041 Vicent..

492 3138 576 3200 Neque
586 3114 656 3186 ullius
668 3124 768 3186 volantis
780 3138 892 3200 irnpetum
903 3137 965 3187 alitis
1028 3157 1031 3161 ⁴

412 3212 414 3217 ⁴
491 3214 610 3278 Nequisse
620 3213 761 3276 preterire..

234 3368 311 3436 Qua
324 3366 415 3426 uerba
427 3378 530 3428 auctor
542 3365 673 3447 parodioe
687 3366 816 3445 (exstat
807 3379 883 3426 mter
897 3366 1044 3426 catalect.
1059 3365 1174 3445 Virgilii
1186 3343 1274 3427 VIII.
1274 3321 1297 3451 ,Ξ

233 3472 266 3520 et
278 3469 324 3520 est
335 3460 441 3520 nostris
456 3460 564 3520 Catulli
577 3458 730 3519 codicibus
742 3457 899 3539 antiqqur)
913 3469 981 3520 ante
995 3458 1097 3519 oculos
1117 3459 1230 3537 habuit,
1244 3456 1295 3535 ita]

233 3571 360 3613 ausuum
372 3563 576 3634 argumentum
588 3570 787 3631 componens
1258 3578 1261 3588 ·

409 3790 411 3794 Α
494 3720 578 3782 Neque
589 3719 658 3768 ullius
671 3670 787 3769 volantis
780 3727 891 3783 mpetum
902 3719 947 3768 uisi
1024 3700 1026 3703 Ι

441 3862 444 3867 ,
492 3795 610 3859 Nequius
620 3796 749 3859 preterire.

235 3952 272 4012 In
285 3951 418 4013 omnibus
431 3949 520 4030 antiq.
535 3950 618 4010 editt.
627 3949 735 4029 legitur
746 3949 1032 4027 trobisimpetomnon
1042 3951 1168 4026 impetum
1178 3947 1300 4020 trudis}-

235 4045 328 4126 quasi,
344 4044 451 4105 omisso
464 4043 564 4103 ultimo
578 4044 731 4116 vocabulo,
752 4043 901 4122 glossema
920 4040 1088 4103 intextum
1106 4042 1295 4103 nculcatius*

234 4147 322 4198 asset.
365 4135 521 4206 Praeterea,
533 4137 614 4215 quod
627 4134 801 4196 sententiam
816 4153 910 4195 meam
924 4134 1089 4209 coufirmat,
1103 4135 1189 4213 plura
1197 4130 1299 4214 hujus>

235 4229 368 4290 carminis
382 4230 482 4301 verba,
495 4240 529 4288 ut
540 4227 601 4303 illa
615 4248 653 4290 ex
660 4227 821 4290 imitatione
833 4226 920 4289 Ennii
934 4227 1056 4290 fluxisse
1068 4227 1212 4289 videntur.
1234 4226 1288 4291 Sic
