2872 4972
542 350 777 489 annuunt
802 356 887 437 err.
1178 344 1247 434 tta

279 532 563 644 quemqueen
574 555 710 622 naua
725 531 1183 642 tutusquetutusque:
1222 549 1247 616 o

323 666 403 737 Heu
416 665 664 768 miserindigne
675 667 781 734 frater
794 666 925 733 ademte
939 663 1031 731 mihi.
1215 662 1219 667 ’

278 759 383 844 Nunc
397 780 510 844 tamen
524 777 655 844 interea
667 776 778 865 priseo
792 800 868 868 quae
882 799 976 843 more
990 782 1167 866 parentum
1191 788 1198 810 ’

321 886 469 956 Tradita
482 896 562 955 sunt
575 889 688 956 tristes
710 910 851 955 munere
864 888 908 955 ad
923 886 1072 972 inferias,

276 997 417 1085 Accipe,
427 998 577 1065 fraterno
592 997 735 1064 multum
750 999 920 1065 manantia
931 998 1028 1066 fletu:

320 1109 438 1197 Atque
451 1109 488 1174 in
501 1092 714 1197 perpetuum,
727 1109 843 1196 frater,
855 1108 941 1176 have
955 1118 1060 1196 atque
1074 1104 1161 1175 vale.

223 1297 246 1344 5.
265 1293 296 1343 Te
313 1295 404 1344 deute
419 1295 499 1344 hiante
517 1292 644 1356 sylleboin
663 1294 770 1344 omnibns
790 1297 858 1345 MSS.
869 1296 933 1359 apud
951 1295 1050 1344 Statium
1068 1302 1092 1344 et
1107 1293 1175 1343 libris
1185 1298 1245 1342 vett.

191 1359 281 1408 Vossii.

222 1428 246 1472 6.
265 1423 319 1471 Heu
329 1426 414 1482 muno,
425 1424 455 1472 sd
467 1439 561 1472 versum
572 1440 643 1485 supro
658 1425 683 1473 in
696 1424 780 1486 Elegia
790 1426 819 1472 ad
830 1425 906 1472 Mani·
917 1442 940 1473 v.
952 1428 992 1475 92.
1010 1423 1064 1472 Heu
1074 1425 1152 1472 missso
1162 1420 1243 1488 frum

189 1491 273 1538 ademto
283 1489 339 1536 milri
348 1490 480 1536 maluerunt
489 1489 589 1553 Vossius
601 1497 626 1538 et
635 1491 677 1540 alii
686 1505 692 1537 ι
705 1490 748 1538 sed
756 1491 821 1538 miter
831 1494 965 1539 oonstmer
975 1495 1068 1537 tuentur
1077 1489 1133 1537 libri
1139 1495 1244 1536 veteres.

189 1553 247 1602 Haeo
266 1561 293 1601 tu
312 1554 397 1601 interea
412 1553 437 1601 in
449 1554 509 1602 cod.
521 1554 701 1604 Mediolanensi.
738 1552 794 1603 Hero
803 1563 878 1604 tomen
888 1563 938 1603 tres
954 1554 1022 1606 editt.
1041 1555 1163 1616 antiquiss.
1180 1551 1245 1616 apud

191 1620 306 1667 editorem
316 1619 450 1680 cantabrig.

188 1681 199 1698 '
221 1688 260 1731 10.
278 1684 326 1730 Ave
336 1684 386 1731 sine
398 1683 555 1745 adspiratione
570 1683 595 1731 in
605 1682 748 1732 editionibus
758 1683 865 1747 plurimis
871 1701 880 1746 ;
899 1685 942 1733 sed
953 1683 1042 1746 antiqui
1052 1681 1106 1732 libri
1117 1689 1141 1732 et
1150 1682 1244 1745 lapides

189 1750 275 1798 sistunt
283 1749 340 1795 hanc
351 1763 433 1797 vooem
441 1749 465 1798 in
475 1749 519 1796 heo
529 1749 627 1797 romula
637 1750 802 1813 adspirantem.

221 1891 248 1945 7,
259 1894 283 1938 8.
299 1889 379 1947 Vario,
391 1904 445 1954 quae
453 1903 496 1950 per
506 1887 600 1935 inferias
610 1887 692 1936 inferri
743 1887 811 1950 Virg.
820 1886 875 1935 AEn.
884 1886 933 1935 xl.
945 1888 993 1936 9⁷:

189 1963 297 2011 solebant
320 1961 436 2019 manibus,
462 1973 558 2008 munere
584 1966 693 2009 reoenset
991 2008 995 2019 Ι
1016 2008 1021 2020 ¹
1092 2007 1097 2017 ι

190 2034 359 2083 Kirobmonnus
369 2035 399 2082 de
418 2034 549 2083 Funeribus
566 2035 693 2095 Romanor.
742 2007 840 2055 ’ΜΘ
848 2015 956 2069 ΜΨ
964 2006 1030 2066 mldb
1039 2020 1131 2062 mmm
1142 2003 1164 2052 Ρ
1164 2002 1221 2059 olle,

188 2108 234 2154 1v.
245 2123 266 2155 o.
278 2111 301 2156 2.
318 2107 438 2170 praeoipun
452 2115 519 2154 erant
540 2107 586 2164 iso,
602 2105 694 2165 vinum,
743 2078 909 2143 AEm‘mffw
916 2080 1006 2128 ⁰⁰¹⁶·-

190 2180 246 2237 rnel,
258 2195 325 2242 aque,
337 2174 532 2241 sangolsdloresss
742 2177 783 2225 ubi
794 2174 843 2224 vid.
856 2174 939 2226 Cerdo.
958 2172 1063 2225 ciffis.
1080 2172 1129 2224 m.
1141 2174 1180 2223 ol.
1198 2171 1245 2220 VI·

221 2257 261 2301 10.
280 2253 345 2302 Have
362 2253 497 2316 mqueoole.
512 2252 548 2301 sio
558 2258 595 2301 ter
605 2266 693 2314 eorpus
742 2251 800 2300 505.
828 2250 901 2300 Hom.
930 2251 1019 2312 Odyss.
1044 2248 1094 2298 ῙΧ.
1121 2246 1161 2297 65.
1182 2244 1245 2296 addo

188 2325 693 2392 conpositumeffsrisolebsutdisoedentea
741 2323 847 2393 Korba.
856 2323 887 2372 de
898 2327 985 2374 llunen
997 2325 1067 2374 Rom.
1075 2321 1126 2372 111.
1137 2323 1196 2387 ο.9.

612 2512 830 2570 4-

413 2759 451 2821 4
513 2706 778 2793 crumnis
819 2708 919 2793 cu.

576 2896 623 2947 Ab
647 2855 854 2949 conueniunt.

277 3025 318 3094 Ss
331 3023 517 3114 quidquam
531 3024 636 3092 tacito
650 3026 860 3094 commissum
874 3001 926 3093 est
941 3022 1009 3093 fido
1022 3028 1066 3111 ab
1079 3026 1198 3111 amico,

318 3140 450 3228 Quojus
464 3136 508 3202 sit
522 3137 657 3225 penitus
670 3145 753 3235 nota
763 3137 846 3203 fides
861 3135 984 3217 animi;

273 3251 334 3318 Me
349 3273 451 3318 unum
464 3271 537 3316 esse
549 3249 702 3318 invenies
715 3232 852 3316 illorum
860 3252 940 3338 jure
955 3254 1132 3334 sacratum,

221 3441 244 3485 1.
264 3435 341 3486 Tacite
352 3436 375 3485 in
387 3439 496 3485 omnibus
507 3435 580 3484 Mss,
597 3437 661 3499 apud
671 3437 780 3495 Statim,
790 3437 832 3500 qui
848 3438 950 3487 malebat
965 3437 989 3486 st
1006 3439 1128 3501 quidquam
1138 3439 1242 3495 teritum,

187 3517 272 3562 nempe
280 3501 401 3566 ἀπόῤῥιτοι,
410 3517 527 3557 areanum,
539 3503 677 3562 troandum
689 3504 737 3560 vel,
754 3502 779 3551 Si
788 3503 910 3566 quidquem
921 3504 986 3551 toss'ti
995 3520 1001 3549 :
1011 3503 1075 3565 qnod
1086 3503 1138 3550 vult
1148 3517 1241 3566 quoquo

189 3566 304 3613 Heinsius
312 3566 337 3612 in
348 3567 411 3614 notis
421 3568 451 3614 ad
463 3566 548 3614 catull.
560 3582 566 3611 ι
584 3567 627 3614 sed
637 3573 701 3615 reete
708 3571 757 3630 jam
768 3568 792 3615 iu
803 3568 906 3616 editione
917 3568 1037 3615 Parthenii
1047 3573 1084 3615 est
1092 3569 1169 3615 taeito-

221 3632 244 3678 3.
263 3629 343 3692 Meque
357 3647 401 3679 esse
416 3633 513 3680 invenies
531 3631 557 3677 in
568 3631 640 3679 MSS.
654 3630 867 3691 Statiimembrsn.
885 3632 1006 3694 scaligeri,
1017 3632 1075 3680 edit.
1089 3633 1200 3680 Parthen.
1215 3638 1242 3680 st

188 3695 265 3742 tribus
276 3696 444 3757 antiquissimis
455 3695 522 3748 editt.
542 3697 604 3757 apud
616 3696 730 3745 editorem
739 3698 980 3760 cantebrig.—Atqus
991 3711 1033 3744 esse
1041 3698 1137 3758 juvenes
1147 3697 1171 3744 in
1188 3695 1242 3744 eliis

189 3760 258 3814 MSS.
271 3762 334 3821 epod
345 3761 443 3808 Statium
453 3776 460 3821 ;
473 3762 535 3810 unde
544 3761 585 3828 ille
594 3776 713 3826 reponere
728 3765 834 3825 tentobst
841 3763 881 3812 vel
892 3761 940 3820 Me,
957 3775 1020 3824 quem
1027 3762 1071 3825 ipss
1080 3762 1185 3825 adum:
1202 3763 1243 3811 vel

190 3825 244 3882 Aut,
257 3840 320 3888 quma
329 3828 374 3886 ipse
383 3827 492 3888 odjurss:
512 3827 561 3883 vel,
576 3822 624 3883 Me,
633 3842 698 3890 quem
708 3828 755 3889 ipse
764 3830 870 3876 iubentus.
902 3824 1003 3874 Vossius
1015 3825 1112 3888 oor'rigit
1128 3822 1168 3874 Me
1182 3842 1243 3890 oequs

188 3892 292 3945 ιἰιυιιιίοι,
303 3906 393 3953 parum,
404 3898 471 3952 puto,
483 3894 512 3940 ed
528 3891 655 3942 orationem
670 3893 802 3955 potuum!
819 3897 914 3953 seoutos
925 3899 1002 3941 tamen
1018 3900 1070 3939 enm
1083 3898 1121 3943 est
1130 3891 1241 3954 Vulpius.

188 3955 305 4016 Equidem
324 3956 417 4004 mallem
432 3954 471 4003 Me
486 3954 579 4022 quoque,
590 3965 616 4004 ut
627 3957 704 4019 hiatus
715 3954 866 4020 relinquatur,
878 3956 916 4005 vel
934 3955 1056 4016 Meoerte.
1081 3952 1177 4004 librili
1185 3959 1243 4019 jure

187 4028 302 4068 meremor
307 4021 379 4070 MSS.
390 4021 468 4069 ltolloi
477 4025 539 4084 apud
551 4023 605 4076 llio,
616 4020 702 4071 Heius.
710 4039 717 4070 ι
726 4030 803 4072 menet
810 4029 895 4078 temen,
906 4020 1064 4085 quameunque
1072 4020 1197 4070 leon'ouem
1206 4037 1244 4070 se·

188 4085 276 4147 queris,
286 4086 346 4134 dura
354 4093 378 4135 et
388 4085 527 4136 inooueinns
537 4086 561 4136 iu
571 4088 617 4135 hoo
625 4086 726 4136 distioho
734 4087 808 4137 oratio
819 4104 826 4149 ;
843 4086 909 4148 sequi
916 4088 977 4136 enim
988 4087 1090 4136 debebat
1100 4095 1123 4135 st
1137 4087 1241 4149 palatiu

196 4221 210 4236 ”’
220 4220 304 4275 Fidem
316 4228 346 4275 ds
360 4226 519 4278 tsoitnrnilate
530 4244 572 4278 sna
582 4230 692 4278 Cornelio
741 4235 826 4292 potest.

188 4299 282 4349 onidsnr
290 4302 367 4350 tsoere
377 4304 464 4352 studet.
774 4303 798 4350 3.
814 4299 1102 4364 llbmmjuresuerotum,
1114 4315 1242 4367 eorumne·

222 4377 245 4421 1.
274 4372 358 4431 Tueito,
385 4377 425 4437 qui
451 4381 567 4426 ssorelunr
593 4375 692 4425 retinere
741 4374 789 4424 oris
798 4372 922 4424 initiatum.

966 4451 1015 4498 en
