2872 4972
182 363 294 431 xxviii
354 358 503 468 ..VITA
521 357 566 426 C.
591 351 822 423 VALERII
849 350 1105 422 CATUL-Ll.

186 503 268 617 nere
280 543 371 611 baud
382 544 542 616 minorem
553 550 751 608 consecutus
760 548 810 606 est
822 539 977 627 gloriam,
987 559 1090 627 quam
1102 531 1243 602 sublimi

49 663 57 713 ἶ
186 665 334 731 vereque
369 640 483 707 divino
520 639 685 706 AEneidos
714 648 869 727 poemate
899 645 993 703 vates
1021 637 1241 709 Mantuanus.

186 741 299 808 Amici
313 740 386 827 ejus
401 734 537 825 plurimi
553 745 813 800 enumerantur:
837 734 1018 800 Cornelius
1038 732 1172 819 Nepos,
1186 726 1244 795 cui

184 836 340 902 libellum
365 855 461 899 suum
488 832 616 896 muneri
644 831 755 911 misit3
778 826 969 895 Verauaius
991 836 1027 897 et
1051 826 1263 904 Fabullus3‘

188 933 314 1000 Furius
329 941 363 998 et
380 930 560 1006 Aurelius3
586 928 737 993 Licinius
753 926 892 1010 Calvus,
909 922 1035 992 Orator
1052 919 1244 1015 vehemens,

187 1039 224 1098 et
240 1029 363 1095 nobilis
378 1032 489 1116 poeta,
504 1048 603 1113 quem
620 1025 721 1113 prisci
743 1025 923 1110 scriptores
945 1025 1019 1088 fere
1031 1018 1165 1109 semper
1179 1017 1247 1088 Cd-

188 1126 488 1215 talloadjungunt3
511 1123 689 1210 Alphenus
707 1121 814 1188 Varus
830 1121 913 1199 lC.;
936 1119 1107 1200 Caecilius,
1123 1117 1185 1207 qui
1202 1116 1247 1185 de

191 1225 307 1293 Matre
322 1224 477 1289 Deorum
493 1243 611 1307 poema
629 1219 893 1306 conscripserat3
920 1217 1073 1284 Manlius
1088 1217 1248 1303 Torqua·

192 1329 259 1405 tus,
274 1342 295 1385 c
304 1328 407 1408 gente
418 1316 561 1405 patricia
567 1317 733 1396 Romana,
747 1318 842 1404 cujus
851 1316 986 1403 nuptias
996 1313 1248 1402 elegantissima

191 1418 257 1485 ode
271 1416 467 1499 celebravit,
493 1423 529 1481 et
542 1414 587 1479 ad
611 1436 710 1502 quem
726 1422 777 1479 est
792 1412 854 1478 illa
867 1412 1024 1499 epistola,
1044 1433 1146 1498 quam
1161 1411 1249 1478 tanti

189 1517 349 1586 Muretus
371 1513 474 1591 fecit3
497 1511 617 1594 Cinna,
634 1511 785 1597 Smyrnae
802 1519 938 1589 auctor3
964 1509 1161 1577 Cornificius
1180 1509 1250 1575 for·

191 1623 281 1684 tasse
296 1612 368 1695 ille,
384 1614 479 1698 cujus
495 1631 567 1675 esse
581 1609 841 1674 Rhetoricorum
854 1608 897 1673 ad
914 1607 1128 1674 Herennium
1138 1606 1249 1673 libros

190 1718 339 1798 quatuor
361 1705 517 1773 nonnulli
545 1712 749 1793 putaverunt
762 1732 771 1784 ;
798 1704 974 1783 Hortalus,
995 1707 1099 1792 poe‘ta
1123 1701 1250 1769 medio·

190 1808 281 1888 cris;
304 1807 403 1889 Cato,
415 1826 484 1893 non
495 1803 555 1869 ille
570 1803 750 1887 Uticensis,
764 1825 890 1873 morum
903 1803 1084 1870 severitate
1095 1801 1250 1889 insignis,

191 1915 230 1973 at
242 1906 415 1975 litterator
430 1902 575 1991 quidam,
589 1902 684 1988 cujus
700 1903 901 1972 mentionem
916 1900 995 1966 facit
1016 1898 1250 1967 Suetoniusin

192 2003 284 2073 libro
307 2001 348 2066 de
365 1999 552 2067 illustribus
568 1997 804 2064 Grammaticis
817 2021 847 2065 c.
861 1999 920 2080 ll;
942 1997 1088 2085 denique
1108 1996 1251 2074 celim,

197 2097 410 2170 Veronensis.
448 2096 507 2165 M.
536 2095 691 2162 Tullium
715 2095 914 2161 Ciceronem
939 2094 976 2160 iu
999 2116 1101 2161 causa
1122 2092 1251 2163 forensi

195 2203 366 2287 (quamam
381 2194 445 2259 illa
457 2195 570 2276 luerit,
595 2194 785 2280 ignoratur)
807 2193 942 2260 videtur
967 2201 1145 2282 patronum
1156 2192 1252 2260 adbi-
1292 2234 1294 2239 ·

194 2295 320 2377 buisse,
332 2292 388 2357 cui
403 2292 553 2378 prolecto
566 2291 610 2355 ob
624 2300 796 2377 acceptum
812 2292 1009 2357 beneficium
1021 2298 1165 2357 venusto
1176 2291 1252 2379 epi·

196 2398 381 2482 grammate
395 2390 522 2477 gratias
537 2389 619 2476 agit.
664 2389 875 2478 Quamquam
888 2388 992 2475 igitur
1002 2388 1158 2458 Asinium
1167 2386 1254 2456 Pol·

196 2491 322 2556 lionam
338 2487 507 2574 diligeret,
524 2487 692 2576 bominem
718 2486 874 2553 Ciceroni
892 2494 1068 2574 tantopere
1081 2487 1252 2571 infestum,

197 2609 220 2656 a
244 2586 365 2653 Tullio
388 2585 530 2651 colendo
552 2606 620 2650 non
645 2583 828 2651 abstinuits
852 2584 912 2650 sed
931 2584 1090 2650 uidelicet
1103 2576 1255 2665 Asinius,

196 2691 332 2752 mortuo
349 2682 480 2749 demum
497 2681 624 2748 Catullo
639 2690 674 2748 et
689 2681 852 2749 Cicerone
866 2682 951 2769 ipso,
964 2683 1123 2749 adversus
1136 2682 1257 2749 eximii

198 2781 344 2855 oratoris
369 2801 483 2846 manes
510 2779 702 2845 inimicitias
726 2780 1000 2848 exercuitzuam
1029 2779 1170 2845 Catullo
1194 2779 1257 2846 flo-

199 2885 307 2962 rente,
327 2900 366 2945 ac
388 2877 682 2962 hendecasyllabos
704 2878 882 2960 scribente,
899 2881 1014 2964 puer*
1039 2878 1147 2944 adbuc
1169 2886 1257 2950 erat,

201 2974 357 3050 iambicis
380 2983 414 3040 et
429 2974 615 3040 Phalaeciis
627 2974 780 3040 uersibus
795 2975 831 3040 in
847 2975 1007 3063 pessimos
1028 2998 1180 3064 quosque
1197 2977 1259 3042 bo-

200 3073 318 3154 mines,
332 3073 428 3139 nullo
439 3073 638 3160 discrimine,
650 3072 801 3139 invectus
816 3080 886 3138 est:
908 3075 1096 3161 nequeipsi
1110 3058 1254 3160 Caesari,

201 3170 418 3258 quantumvis
433 3165 543 3234 rerum
558 3169 680 3257 potito,
695 3171 854 3256 pepercit,
870 3170 951 3258 quin
964 3171 1084 3237 calami
1099 3172 1258 3257 aciemin

109 3303 113 3306 ·
202 3269 367 3343 sinistram
381 3268 454 3354 ejus
475 3265 735 3348 liberalitatem,†
762 3275 864 3354 atque
884 3266 954 3333 alia
973 3267 1058 3335 vitia
1080 3268 1259 3356 distringe-

202 3372 268 3431 ret.
313 3364 534 3446 Mamurram,
552 3363 721 3444 Gellium,
749 3364 935 3448 Vatinium,
963 3365 1128 3448 Vettium,
1145 3365 1259 3432 Comi·

201 3461 308 3545 nium,
323 3481 405 3549 quos
420 3461 634 3527 vehementer
660 3461 790 3544 oderat,
817 3462 962 3549 propriis
985 3463 1175 3552 nominibus
1196 3486 1260 3553 per

204 3578 265 3623 ora
276 3558 446 3623 bominum
459 3557 621 3642 traduxit,
637 3580 675 3622 ac
688 3558 765 3644 styli
781 3560 965 3624 acerbitate
977 3561 1129 3626 confixit.
1156 3560 1260 3627 Lusit
1315 3600 1320 3608 ι

204 3662 371 3741 praeterea
383 3656 419 3720 in
435 3655 622 3738 Volusium,
643 3648 800 3744 'ineptum
830 3664 883 3735 (ut
897 3657 967 3742 ipse
984 3657 1122 3742 quidem
1143 3659 1261 3726 existi·

205 3753 334 3833 mabat)
345 3752 518 3818 annalium
532 3754 747 3839 scriptorem:
770 3754 805 3818 in
819 3753 960 3819 rivalem
982 3755 1178 3842 Egnatium,
1191 3778 1262 3822 nra·

206 3850 279 3919 lum
298 3855 454 3937 politam:
478 3850 513 3915 in
531 3849 716 3932 Suffenum,
731 3871 830 3937 quem
848 3849 967 3939 Cassiis
983 3859 1018 3916 et
1032 3852 1189 3939 Aquiniis
1202 3853 1261 3923 lit·

206 3957 356 4017 terarum
368 3947 505 4013 venenis
514 3947 734 4012 adnumerata
759 3955 939 4035 postremo,
955 3941 989 4013 iu
1001 3949 1169 4031 Sextium,
1185 3972 1261 4017 ora·

207 4054 328 4129 torem,
340 4048 435 4133 cujus
450 4044 665 4130 frigidissima
680 4042 834 4109 oratione
855 4044 1027 4111 molestam
1043 4046 1261 4133 gravedinem

207 4162 248 4209 se
262 4142 468 4208 contraxisse
480 4163 541 4227 per
551 4144 664 4228 jocum
681 4141 832 4210 affirmat..
1197 4143 1200 4147 ’

413 4314 427 4343 *
445 4314 523 4361 Carus.
537 4317 574 4362 12.
894 4320 903 4368 t
921 4316 998 4363 Carm.
1011 4319 1050 4377 29.
1156 4358 1160 4365 ,
1211 4364 1215 4371 ,
