2872 4972
337 323 810 440 onsnsvsurosns
842 365 1099 438 crimem.
1199 365 1244 437 rr

232 554 381 616 Variatme
399 557 543 630 lectionis,
561 576 651 638 quem
660 551 723 616 'riri
736 555 817 617 docti
831 554 982 634 hucusque
995 572 1015 615 e
1027 550 1179 615 codicibus
1198 562 1247 615 at·

190 645 328 719 tulerunt,
343 647 500 726 diligenter
512 649 673 727 explorata,
687 666 747 706 non
761 647 937 716 dubitamus,
952 645 1023 724 quin
1036 643 1175 716 conditio,
1184 664 1245 724 qua

189 738 229 798 ad
242 757 296 798 nos
311 741 444 818 pervenit
459 741 603 812 Catullus,
615 740 666 798 uni
680 739 820 802 debeatur
841 737 948 809 codici,
962 758 1003 799 ex
1024 757 1083 816 quo
1097 736 1146 797 alii
1159 738 1244 799 multi

188 830 336 903 fluxerint,
352 843 382 891 et
392 833 464 893 vitio
477 834 602 913 plurima
613 832 777 912 antiquiora
790 833 849 892 sint
863 832 1023 902 codicibus,
1036 831 1088 910 qui
1100 831 1199 894 adhuc
1212 835 1250 902 in

188 923 320 983 notitiam
334 938 462 987 nostram
481 927 624 987 venerint.
665 926 725 985 Vd.
739 926 815 986 infra
836 926 876 985 ad
897 924 1047 985 LXVIII.
1069 929 1138 989 133.
1157 926 1243 987 XXI.

188 1016 226 1078 cl.
240 1017 385 1080 LXVIII.
402 1024 470 1086 137.
492 1021 557 1080 LV.
572 1025 622 1081 21.
649 1020 790 1080 CarmIna
804 1019 912 1080 Catulli
923 1017 1099 1089 hominibus,
1111 1017 1161 1098 qui
1173 1025 1244 1099 post

188 1129 255 1170 eum
267 1110 415 1184 vivebant,
429 1113 460 1172 in
474 1113 587 1175 deficiis
607 1124 691 1173 erant
712 1115 758 1192 (ut
772 1113 820 1172 vel
834 1132 872 1172 ex
885 1112 1069 1171 aemulatione
1084 1111 1243 1192 Propertii,

189 1201 316 1280 Virgilii,
341 1203 473 1265 Petronii
497 1216 528 1265 et
552 1204 675 1265 aliorum
702 1204 827 1283 intelligi
849 1215 957 1283 potest.
981 1203 1031 1263 vd.
1055 1203 1182 1264 Statium
1203 1205 1244 1274 od

123 1287 127 1296 ’
188 1293 337 1366 LXVIII.
349 1297 439 1376 151.),
452 1307 540 1378 atque
554 1297 669 1358 assidue
683 1297 867 1374 legebantur,
883 1316 949 1357 oum
963 1297 1002 1356 ob
1016 1297 1180 1374 argumenti
1192 1316 1244 1358 ve·

187 1399 345 1460 nemmem,
368 1400 431 1450 tum
449 1403 568 1472 propter
584 1391 711 1470 lepidam
726 1397 822 1470 politas
839 1389 997 1460 lasciviam,
1020 1387 1080 1468 qud
1100 1391 1243 1450 soeculurn

185 1479 260 1539 illud
281 1479 401 1543 mirifice
416 1484 630 1545 delectabatur.
671 1483 827 1562 Exemplis
852 1493 899 1543 sat
919 1481 1017 1540 multis
1039 1482 1105 1542 hmo
1124 1483 1248 1562 probari·

187 1585 321 1652 possunt.
366 1575 417 1648 At,
430 1576 511 1654 quod
521 1576 550 1635 in
560 1576 605 1635 his
613 1577 703 1636 rebus
714 1574 780 1634 fieri
792 1575 877 1646 solet,
892 1595 952 1634 non
967 1573 1015 1632 diu
1026 1574 1184 1634 abfuerunt
1196 1575 1242 1634 is·

186 1668 397 1746 terpolatio'nes
411 1671 459 1730 vel
477 1690 518 1730 ex
533 1669 705 1740 imitatione,
718 1670 777 1740 vel,
793 1687 886 1747 quum
899 1668 1025 1728 lectores
1039 1668 1130 1727 verba
1143 1672 1242 1746 po'e'tst

187 1761 310 1839 amplim
326 1773 580 1842 persequerentur,
596 1781 636 1822 ex
650 1761 812 1822 illustrandi
826 1772 890 1822 arte
902 1779 938 1821 ac
951 1760 1108 1841 supplendi
1119 1759 1243 1822 libidine

187 1862 271 1911 ortae.
312 1856 386 1921 Qua
401 1875 469 1915 cum
484 1855 525 1914 ita
540 1855 608 1925 sint,
623 1853 761 1933 equidem
774 1873 888 1925 vereor,
902 1872 941 1913 ne
954 1852 1094 1914 nonnulla
1110 1854 1243 1915 carmina

186 1952 250 2002 tota
268 1944 305 2004 ab
325 1945 388 2007 aliis
409 1946 505 2025 poetis
526 1945 690 2029 composita
707 1957 738 2006 et
752 1947 791 2006 ob
805 1945 899 2006 simile
919 1956 1125 2024 argumentum
1140 1947 1243 2007 Catul-

185 2033 270 2095 liaais
291 2036 403 2098 inserto
424 2038 492 2108 sint,
512 2039 593 2118 quod
616 2038 691 2099 ellici
710 2039 808 2115 potuit
828 2039 933 2098 eadem
950 2038 1074 2108 ratione,
1095 2057 1154 2117 qua
1168 2039 1243 2099 ordo

188 2127 348 2190 oarmInum
366 2131 408 2190 its
423 2131 598 2192 constitutus
612 2142 668 2202 est,
681 2143 788 2191 utnon
808 2131 897 2190 modo
915 2131 1030 2190 easdem
1043 2130 1197 2191 sententie
1209 2130 1243 2191 in

186 2218 290 2279 vicinis
312 2235 480 2295 occurrant,
494 2224 542 2283 vel
556 2228 604 2284 res
618 2223 727 2284 similes
745 2234 944 2302 *exponamus
962 2222 1017 2282 sed
1029 2222 1154 2283 rel'sola
1164 2241 1243 2303 quo·

185 2312 319 2373 rumdam
332 2317 487 2377 verborum
505 2316 662 2376 similitudo
683 2325 842 2396 spectetur.
885 2316 945 2388 Sic,
959 2326 992 2375 ut
1012 2335 1076 2375 rem
1097 2315 1244 2396 exemplis

185 2405 319 2483 probem,
340 2427 459 2469 carmen
480 2409 607 2468 XCVII.
630 2409 762 2489 sequitur
785 2407 931 2468 XCVIII.
955 2409 994 2470 ob
1008 2408 1097 2468 rerba
1119 2410 1243 2485 crepidas

187 2497 291 2582 lingere
297 2502 454 2560 corbolium
465 2510 495 2560 et
502 2503 591 2559 cadem
605 2502 708 2578 lingas
717 2501 870 2576 scruficas,-
882 2500 925 2559 sic
934 2520 961 2560 c.
976 2500 1119 2559 LXXVI.
1130 2500 1244 2581 echpit

187 2591 347 2652 LXXVII.
362 2593 400 2651 ob
413 2593 505 2653 verbs
519 2593 621 2668 eripere
634 2602 665 2651 et
675 2601 789 2667 pestem,
801 2591 919 2652 XXIV.
932 2601 965 2651 et
979 2591 1102 2652 aioaldo.
1144 2592 1245 2652 mouri

185 2702 257 2745 sero
275 2683 506 2762 interpolationis
519 2700 624 2759 genus,
638 2682 719 2761 quod
736 2682 767 2740 in
782 2682 901 2742 Catullo
914 2681 1084 2768 reperimus,
1100 2681 1180 2743 aliud
1189 2692 1244 2744 'ast

186 2786 278 2856 atque
292 2776 322 2835 in
335 2773 542 2853 antiquissimis
553 2772 668 2834 Graecis
677 2774 783 2853 politis,
796 2774 839 2834 ito
850 2773 908 2845 via,
923 2793 989 2851 quas
1001 2774 1039 2833 ad
1051 2774 1124 2833 illud
1132 2775 1240 2854 explo-

185 2868 310 2928 rsndum
324 2865 415 2945 ducit,
435 2864 528 2942 magis
539 2864 682 2943 expedita
696 2874 726 2925 et
738 2863 832 2925 solida
846 2874 902 2936 est,
915 2882 972 2924 nec
985 2863 1071 2924 focile
1084 2875 1182 2943 potest
1199 2865 1243 2927 ad-

186 2948 372 3020 tomerariam
387 2956 562 3019 emendandi
575 2956 717 3018 radonem
732 2957 880 3022 aberrare.
922 2956 992 3017 Non
1005 2956 1099 3034 ignoti
1110 2967 1180 3018 sunt
1197 2956 1244 3021 illi

96 3042 97 3046 ¹
186 3055 330 3128 homiues,
345 3054 453 3135 quisel
472 3073 525 3115 sua
536 3054 583 3113 vel
602 3053 721 3113 aliunde
738 3052 832 3133 petita
845 3053 954 3114 Catulli
967 3053 1140 3114 carminibus
1156 3053 1243 3114 addi.

186 3149 302 3211 derunt.
336 3147 492 3208 Pertinent
516 3165 586 3206 vero
612 3165 681 3205 cum
704 3144 743 3205 ad
763 3145 921 3225 antiquius,
942 3156 1004 3205 tum
1030 3145 1070 3206 ad
1090 3145 1241 3207 recentius

186 3261 294 3313 asum,
307 3240 438 3318 quamvis
450 3239 480 3299 in
493 3237 624 3318 pluribus
634 3235 707 3301 locis
720 3257 780 3298 non
794 3247 933 3299 accurate
946 3237 1104 3299 internosci
1116 3238 1242 3318 pssunt.

185 3333 269 3397 Inter
291 3333 357 3395 illos
380 3332 529 3393 retulerim
548 3329 780 3408 Grammaticos,
804 3330 856 3409 qui
882 3329 929 3390 rel
951 3330 1104 3393 mutabant
1123 3330 1240 3410 singsrls

185 3427 286 3497 rerba,
306 3425 355 3487 vel
370 3440 469 3487 versus
489 3433 591 3484 novos·
602 3422 777 3498 adiciebant
797 3440 852 3483 suo
865 3441 905 3482 es
918 3421 1054 3502 ingenio,
1073 3422 1152 3484 inter
1172 3423 1242 3497 hos,
1357 3469 1359 3472 >

185 3516 434 3596 hominesseculi
447 3516 532 3579 XIV.
552 3524 585 3576 'et
600 3515 683 3587 XV,
693 3515 787 3596 quiin
800 3513 939 3575 slmilibns
952 3515 1074 3575 aliorum
1086 3514 1241 3578 sententiis

186 3608 367 3671 deducendis
380 3619 411 3668 et
424 3612 463 3667 ad
475 3606 637 3685 marginem
649 3606 850 3670 adteribs'ndis
862 3607 991 3667 muime
1009 3607 1192 3681 laborabant,
1206 3616 1240 3669 et

185 3701 332 3772 monachi,
347 3698 398 3780 qui
412 3710 444 3758 ut
457 3698 591 3772 aliorum,
602 3699 645 3758 ita
658 3699 747 3762 etiam
761 3698 870 3779 Catulli
884 3698 1071 3771 carminibus,
1086 3719 1153 3778 quoe
1174 3717 1240 3762 rem

186 3793 356 3856 amatorium
371 3801 508 3864 tractant,
527 3791 743 3863 adnotationes,
756 3792 911 3851 maximam
933 3801 1048 3870 partem
1060 3790 1240 3866 libidinum,

185 3884 296 3954 addere
307 3886 461 3954 solebant;
472 3883 551 3947 unde
565 3899 645 3962 saepe
659 3883 797 3951 mirabilis
803 3882 937 3949 lectionis
949 3883 1083 3945 varietas.
1121 3884 1242 3963 ‘Quodsi

185 3980 226 4043 ad
239 3979 382 4044 editiones
395 3997 515 4058 quoque
533 3976 686 4056 respicias,
704 3976 793 4041 tertio
812 3977 914 4060 ordine
932 3974 1152 4039 commemorari
1169 3988 1240 4056 pos·

183 4083 253 4134 sunt
262 4071 450 4139 recentissimi
459 4071 693 4152 interpolatores,
703 4079 737 4131 ut
745 4079 830 4131 eraut
839 4069 907 4132 Iov.
915 4069 1080 4143 Pomanus,
1092 4068 1239 4133 Aventius

185 4175 219 4229 et
230 4165 306 4228 alii·
787 4222 790 4227 .
1107 4223 1108 4226 ,
1145 4218 1150 4235 .
1195 4227 1198 4233 .

226 4246 341 4342 Catulli
353 4257 472 4322 codices
488 4262 552 4334 jam
575 4254 787 4340 antiquioribus
806 4252 1162 4339 temporibus'corruptos
1175 4265 1239 4317 ets

1228 4498 1374 4664 t·
