2872 4972
332 349 802 419 OBSERVATIONES
834 341 1087 414 CRITICAE.
1191 332 1236 410 ll

185 538 216 594 θ.
241 535 320 594 Anne
340 556 408 596 sonu
429 536 478 596 illa
499 534 585 596 XLI.
602 538 630 598 l.
644 533 747 595 LXIV
771 535 840 600 178.
865 543 897 594 et
920 530 996 592 alite.
1010 527 1072 591 vd.
1094 523 1238 586 Abivard&

185 629 264 687 Attis
278 631 324 688 des
335 630 398 690 Cat.
412 629 451 691 ad
462 651 504 690 vs.
518 633 570 692 35.
582 641 613 689 et
627 626 666 690 al.
999 707 1002 710 ᾗ
1048 706 1051 712 ¹

224 718 436 781 Imitandorum
456 722 631 782 Graecorum
651 721 780 781 studium
798 720 916 782 Catullo
930 738 997 779 cum
1018 719 1153 781 omnibus
1171 720 1238 782 fere

185 809 297 872 Latinis
311 813 406 891 po'e'tis
421 823 483 872 erat
497 832 662 873 commune.
704 812 779 872 Sunt
793 811 931 882 carmina,
949 830 1016 889 quae
1033 810 1207 897 adverbum
1220 829 1239 874 e

186 903 301 964 Graecis
312 904 449 988 traducta
463 925 538 976 esse,
550 901 614 985 ipse
623 904 733 965 fatetur
743 905 832 983 poe'ta
843 899 968 983 (LXVI.
977 903 1017 965 cf.
1030 903 1142 964 CXVI.
1152 903 1240 981 Lu),

185 1006 253 1055 sunt
271 996 328 1057 alia
348 987 379 1056 in
397 998 502 1075 quibus
521 1000 651 1077 politam,
665 996 719 1056 nisi
733 997 906 1056 Graecorum
920 997 1011 1056 verba
1030 1015 1066 1056 ao
1080 998 1239 1058 sententias

185 1088 373 1165 expresserit,
387 1087 430 1147 ita
443 1098 589 1149 versatum
606 1089 696 1148 fuisse
710 1087 875 1167 argumenti
895 1087 970 1147 ratio
989 1088 1126 1160 ostendit,
1141 1097 1174 1149 ut
1188 1084 1239 1149 oo·¹

112 1204 118 1217 ·
184 1178 294 1240 loribus
316 1181 418 1241 alienis
442 1200 496 1241 sua
518 1180 657 1241 infecisse
680 1180 823 1241 videatur.
866 1180 956 1245 Quod
979 1189 1078 1240 tamen
1106 1180 1240 1242 Catullus

184 1269 255 1331 fecit
275 1293 315 1332 ex
333 1293 426 1345 more,
442 1293 501 1354 quo
516 1293 617 1334 omnes
637 1273 763 1334 Romani
777 1273 934 1356 scriptores
947 1274 1073 1334 Graecos
1091 1272 1240 1336 habebant

186 1363 351 1442 magistros,
365 1376 396 1424 et
410 1367 449 1427 ad
463 1367 570 1427 Graeea
583 1368 701 1447 ingenia
714 1387 748 1428 se
761 1386 880 1447 prorsus
894 1367 1124 1448 componebant3
1138 1388 1241 1449 quam·

187 1474 276 1534 quam
289 1466 390 1517 nostro
403 1477 463 1517 non
477 1457 608 1530 deerant,
619 1478 686 1540 quae
700 1459 739 1519 ad
749 1458 945 1518 inventionem
959 1458 1116 1538 pertinent,
1130 1459 1242 1540 ingenii

186 1548 230 1609 vis
250 1569 285 1608 ac
305 1550 448 1611 celeritas.
489 1550 625 1612 Liberior
645 1571 715 1612 vero
733 1549 861 1611 imitatio
875 1570 987 1623 vereor,
1006 1561 1039 1611 ut
1056 1549 1185 1631 pluribus
1208 1549 1242 1613 in

184 1641 258 1700 locis
272 1662 400 1721 unquam
415 1644 607 1704 demonstrari
618 1643 719 1722 possit,
731 1663 821 1723 quum
833 1642 973 1714 ommina,
985 1662 1003 1703 e
1017 1643 1124 1724 quibus
1138 1636 1241 1705 noster

186 1733 280 1792 multa
304 1733 485 1813 decerpsisse
511 1734 635 1807 videtur,
664 1736 811 1819 praecipue
840 1734 1018 1794 comicorum
1045 1734 1240 1814 antiquorum,

187 1826 326 1904 temporis
349 1826 459 1887 invidia
480 1827 629 1905 perierint.
670 1827 720 1887 De
741 1827 862 1905 singulis
881 1827 1033 1887 sententiis
1052 1828 1175 1906 quaestio
1196 1838 1242 1889 est

188 1916 348 1989 difficilior;
371 1920 453 1996 quod
471 1938 528 1977 non
547 1919 673 1980 sensisse
687 1919 824 1978 videntur
843 1919 1029 1998 interpretes,
1044 1920 1184 1982 facillime
1203 1941 1242 1983 eo

132 2049 142 2066 2
187 2007 318 2079 deducti,
341 2021 384 2082 ut,
405 2009 651 2090 quemadmodum
673 2011 751 2089 apud
772 2011 968 2089 Propertium,
988 2009 1030 2070 ita
1052 2011 1139 2072 etiam
1162 2012 1263 2092 apud*

189 2101 339 2163 Catullum
361 2103 579 2182 comparatione
599 2103 735 2163 similium
754 2103 964 2164 sententiarum
987 2104 1187 2178 abuterentur,
1210 2115 1243 2167 et

187 2200 307 2275 politam
319 2195 437 2276 ingenio
450 2217 503 2256 suo
516 2198 556 2255 nil
571 2199 680 2257 debere
693 2207 840 2277 putarent.
881 2197 926 2259 Aa
939 2215 999 2258 non
1012 2199 1107 2258 solum
1117 2197 1250 2259 Grecos
1291 2204 1298 2214 '

186 2289 316 2348 imitatus
328 2300 375 2348 est
386 2289 528 2367 Catullus,
543 2291 597 2350 sed
608 2290 696 2366 etiam
706 2290 884 2369 antiquiores
898 2289 1021 2351 Latinos
1033 2293 1146 2371 po'e'tas,
1158 2300 1190 2351 et
1202 2289 1251 2355 ad:

136 2439 142 2447 ,
187 2380 293 2439 horum
308 2382 445 2460 exempla
451 2402 533 2441 suam
543 2382 659 2441 dicendi
672 2383 815 2443 radonem
829 2382 1030 2442 conformavit.
1046 2374 1049 2378 ’
1065 2383 1097 2443 Si
1110 2383 1242 2462 integros

187 2473 362 2533 haberemus
378 2473 477 2547 Ennii,
495 2474 610 2546 Lucilii,
626 2473 721 2534 Noevii
735 2475 915 2554 aliorumque
928 2475 1026 2546 libros,
1042 2474 1149 2536 certior
1163 2485 1251 2537 esset?

187 2583 254 2634 res;
274 2584 353 2625 nunc
367 2585 437 2624 vero
452 2565 652 2644 efragmentis
666 2585 761 2646 pauca
770 2577 884 2626 tanturn
898 2565 1015 2644 probari
1025 2576 1158 2644 possunt.
1191 2566 1244 2626 In·

188 2666 334 2735 terpretes
346 2675 417 2717 vero
429 2657 496 2716 hoeo
505 2676 607 2736 parum
619 2659 820 2729 observarunt,
835 2668 866 2718 et
880 2645 981 2728 multa,
997 2673 1064 2736 quse
1074 2678 1112 2718 ex
1121 2658 1244 2719 Graeco·

188 2766 251 2806 rum
260 2758 291 2807 et
304 2747 477 2808 Latinorum
486 2748 800 2829 imitationeexplicari
814 2749 974 2821 debebant,
988 2748 1156 2810 omiserunt.
1198 2748 1247 2812 Ur

187 2840 288 2919 paucis
301 2840 442 2920 exempIIs
452 2851 526 2914 utar,
542 2860 569 2901 c.
583 2840 712 2903 LXVII.
724 2845 756 2904 6.
769 2841 888 2902 defendi
902 2842 993 2904 debet
1002 2841 1090 2902 lectio
1095 2862 1109 2902 r.

456 3002 584 3082 Postquam
596 3028 632 3069 est
641 3030 741 3085 pontcto
749 3023 810 3072 lacta
819 3023 903 3072 marita
909 3038 977 3072 seue.

190 3168 242 3230 uui
260 3169 389 3247 ansquae
411 3169 553 3229 editiones
567 3172 686 3234 vicent.
706 3173 786 3233 anx.
801 3173 922 3244 venos.
946 3145 1087 3234 unirent
1107 3175 1257 3265 projecto„

189 3265 271 3344 quod
293 3263 469 3326 Parthenius
491 3265 622 3346 explicat
648 3269 755 3328 excluso
782 3266 879 3329 Bulbo.
928 3267 965 3327 ln
989 3267 1077 3332 codd.
1102 3267 1186 3354 Statii
1212 3274 1254 3341 et.¹

190 3357 312 3417 membr.
328 3357 503 3418 Commelin.
517 3359 627 3438 optime
641 3359 748 3439 legitur
757 3369 894 3438 porrecto.
935 3364 980 3422 Ao
993 3361 1035 3422 ita
1047 3359 1187 3441 loquutus
1198 3352 1256 3422 est'

190 3447 392 3510 eGraecorum
407 3469 499 3511 more.
539 3451 664 3513 Homer.
679 3451 715 3512 II.
730 3451 847 3514 XVIII.
861 3456 913 3516 26.

348 3644 426 3704 αὐτὸς
438 3642 457 3694 d
469 3645 497 3696 lv
507 3645 604 3714 κονίῃσι
615 3644 694 3713 μέγας
704 3643 849 3712 μεγαλωστὶ
860 3626 995 3704 rurvclrlc
1007 3647 1091 3696 Ktiro.

192 3797 268 3857 Cum
287 3796 415 3856 carmine
430 3794 468 3855 V.
482 3797 713 3876 comparandum
733 3807 778 3856 est
800 3796 841 3867 id,
864 3796 944 3875 quod
968 3796 1047 3875 apud
1067 3794 1243 3856 Athenaeum

190 3889 279 3949 v111.
295 3895 342 3949 14.
356 3908 386 3968 p.
397 3893 468 3950 239.
491 3888 658 3968 Schweigh.
673 3899 778 3948 exstat.
792 3894 858 3968 sira
873 3891 918 3947 καὶ
932 3890 1023 3959 παῖζε,
1035 3886 1139 3959 θνητὸς
1151 3888 1166 3946 d
1176 3885 1244 3961 βίος

190 3991 268 4047 etc..⁸
291 3999 393 4039 versus
410 3985 458 4041 18.
474 3999 562 4040 carm.
579 3987 630 4042 68·
650 4001 717 4041 oum
738 3981 874 4061 Sapphus
888 3981 1054 4059 bragmento
1072 3972 1144 4040 XII.
1159 3980 1245 4042 etsie

191 4072 257 4133 alla.
287 4073 335 4133 cf.
357 4072 527 4133 Rhunlrenii
541 4074 626 4153 proef.
645 4075 684 4134 ad
704 4075 804 4154 hymn.
826 4074 858 4133 in
879 4075 981 4134 Cerer.
998 4095 1027 4153 p.
1043 4073 1113 4134 XII.
1127 4094 1170 4153 sq.
1193 4070 1248 4136 Ad

191 4164 327 4244 antiquos
341 4168 444 4244 politas
455 4165 579 4226 Latinos
593 4166 670 4226 inter
683 4167 740 4226 alla
754 4166 847 4225 multa
856 4167 921 4227 haec
930 4175 1075 4246 spectant.
1108 4165 1244 4228 Carmine

190 4254 339 4316 LXXIII.
353 4257 517 4336 exprImere
531 4258 650 4319 volebat
664 4258 751 4318 Ennii
765 4258 844 4337 apud
859 4257 920 4320 Cic.
938 4259 975 4318 de
990 4256 1066 4321 offic.
1082 4257 1123 4318 II.
1142 4261 1188 4319 18.

997 4366 1019 4413 ”
1203 4440 1370 4640 r
