2872 4972
203 339 231 408 s
424 338 723 411 nannum
752 343 1051 447 carunnuu
1071 346 1096 397 .:·

205 525 354 598 incensus,
370 527 475 600 omnia,
490 549 557 608 qure
568 530 705 592 Muretus
715 531 762 591 vel
775 531 884 592 codicis
898 528 998 609 optimi
1013 529 1128 600 auxilio,
1142 532 1190 591 vel
1206 550 1264 595 suo

200 639 245 679 ex
258 620 374 698 ingenio
388 622 594 681 emendaverat
609 633 640 682 et
653 610 857 694 illustraverat,
873 623 991 682 omnino
1012 624 1185 702 repudiavit,
1199 644 1264 687 uua

205 732 275 772 cum
291 713 377 772 Statii
396 715 605 774 commentario
628 717 816 794 (quamquam
837 716 986 793 utriusque
1000 716 1090 776 libros
1104 729 1171 775 ante
1186 737 1263 776 ocu·

204 804 248 864 los
262 805 399 865 habuisse
413 805 546 876 videtur;
562 808 610 866 vd.
624 810 741 867 eumad
755 808 901 867 LXVIII.
912 808 969 884 6.l;
983 808 1073 869 immo
1086 809 1116 867 in
1128 808 1262 869 lectione
1307 832 1310 835 ·

199 899 325 960 Aldinae
336 901 480 960 servanda
492 901 651 980 sepissime
665 902 819 980 acquievit,
830 912 861 961 et
870 911 976 980 praeter
987 920 1038 961 eos
1051 902 1140 972 locos,
1150 902 1180 960 in
1191 899 1260 980 qui·

203 990 258 1049 bus
272 992 407 1051 codicem
416 992 527 1068 Cujacii
541 994 726 1071 sequebatur,
740 1000 857 1072 poetam
872 993 953 1052 novis
967 994 1102 1053 sordibus
1117 1012 1259 1072 conspur-

198 1083 292 1142 cavit.
332 1084 386 1143 Ille
400 1104 457 1143 non
472 1085 537 1156 fuit,
548 1087 599 1165 qui
614 1086 762 1146 Catullum
776 1086 905 1165 lepidum
920 1106 955 1145 ac
968 1099 1119 1146 venustum
1135 1093 1258 1165 potitam

195 1176 391 1246 emendaret;
411 1178 584 1255 agravitate
605 1190 635 1238 et
656 1180 825 1238 morositate
846 1183 907 1253 ejus
930 1180 1015 1258 lepor
1036 1190 1066 1239 et
1088 1181 1259 1258 simplicitas

197 1269 311 1328 catulli
324 1271 410 1348 plane
428 1271 651 1330 abhorruerunt.
692 1271 760 1331 Nec
774 1292 848 1350 opus
862 1283 907 1330 est
919 1273 1057 1351 exemplis
1072 1273 1256 1344 confirmem,

201 1380 289 1439 quam
310 1362 427 1423 insulsae
448 1365 507 1422 sint
524 1365 654 1442 plurimoe
674 1365 817 1442 Scaligeri
840 1365 1047 1436 correctiones,
1067 1385 1154 1445 quam
1175 1368 1258 1427 male

202 1454 337 1514 abutatur
351 1455 491 1516 doctrinas
505 1458 565 1515 suae
579 1456 674 1534 copia,
690 1459 722 1515 et'
734 1475 820 1534 quam
840 1458 939 1537 inepte
958 1458 1067 1517 codicis
1086 1458 1155 1516 vitia
1171 1477 1257 1538 saepe

197 1545 354 1608 defendat.
385 1549 425 1607 At
440 1548 561 1607 meliora
573 1548 728 1608 nonfacile
742 1550 838 1627 potuit
852 1549 922 1608 dare
935 1570 988 1628 pro
1002 1551 1093 1628 spatio
1103 1551 1256 1629 temporis,

195 1660 259 1719 quo
269 1641 508 1700 commentarium
521 1661 606 1700 suum
620 1642 803 1721 conscripsit.
843 1640 922 1702 Nam
936 1638 1024 1702 deum
1040 1654 1147 1702 testem
1161 1643 1256 1703 advo·

201 1751 272 1792 cans
283 1733 460 1805 affinuat,ne
475 1733 620 1811 integrum
634 1734 894 1812 quidem'mensem
910 1735 1004 1794 tribus
1017 1736 1122 1815 po'e'tis,
1133 1736 1255 1794 Catullo

201 1824 320 1884 Tibullo
334 1836 365 1885 et
380 1825 541 1904 Propertio,
557 1826 743 1885 recensendis
756 1846 789 1885 se
802 1826 989 1905 impendisse.
1031 1827 1177 1906 Equidem
1191 1842 1256 1896 non

198 1920 378 1998 negaverim,
391 1940 410 1980 a
425 1921 575 1998 Scaligero
589 1919 699 1978 codicis
712 1920 870 1980 lectionem
881 1939 959 1999 saepe
981 1915 1157 1981 revocatam·
1166 1941 1253 1993 esas;
1286 1995 1289 1999 μ

199 2012 264 2086 sed,
281 2032 347 2090 quae
360 2013 410 2072 ille
429 2012 613 2072 emendando
630 2013 746 2072 Catullo
767 2013 902 2092 perfecit,
925 2013 999 2072 alius
1019 2015 1151 2093 quisque,
1166 2024 1253 2093 puto,

193 2124 295 2184 neque
309 2105 416 2165 auxilio
429 2105 563 2165 codicum
577 2125 634 2165 nec
654 2125 724 2164 sano
736 2107 855 2181 judicio,
871 2125 929 2184 quo
943 2104 1181 2185 interpolatorum
1195 2127 1251 2167 nn·

190 2216 246 2274 gas
264 2197 396 2276 dissipari
418 2198 575 2269 debebant,
596 2218 710 2277 prorsus
725 2198 892 2270 destitutus,
907 2199 1089 2278 perfecisset.
1130 2201 1253 2261 Recen·
1280 2189 1285 2195 ’

196 2289 310 2362 sionem
327 2301 436 2361 autem,
455 2290 593 2350 festinata
611 2310 702 2370 opera
714 2291 855 2370 Scaligeri
869 2293 978 2352 factam
994 2303 1077 2352 etex
1092 2292 1201 2354 vitiosis
1213 2312 1252 2354 ac

195 2382 367 2467 importunis
390 2382 563 2441 lectionibus
582 2383 698 2441 Aldinae
719 2384 831 2462 primae
845 2385 1009 2455 collectam,
1021 2385 1152 2465 plerique
1172 2407 1250 2465 prae-

192 2475 401 2535 stantissimam
415 2485 564 2552 putarunt,
579 2485 610 2534 et
622 2476 651 2534 iu
665 2495 732 2534 suas
746 2476 888 2536 editiones
906 2477 1040 2555 recipere
1060 2478 1141 2536 nullo
1159 2490 1249 2556 pacto

191 2569 379 2640 dubitarunt3
399 2589 459 2647 quo
473 2569 582 2628 factum
598 2579 654 2641 est,
667 2580 699 2628 ut
714 2570 753 2629 ad
766 2580 865 2629 nostra
879 2570 971 2648 usqae
984 2568 1124 2648 ¹tempora
1143 2580 1247 2632 textus

175 2663 360 2745 perveniret
383 2661 653 2740 interpolationibus
675 2661 800 2737 cujusvis
828 2663 943 2740 generis
967 2661 1103 2733 refertus,
1129 2681 1247 2722 correc-

189 2754 320 2813 tionibus
343 2753 448 2832 ineptis
474 2753 697 2825 contaminatus,
719 2773 777 2812 nec
794 2753 879 2813 firmo
898 2764 1039 2832 certoque
1050 2754 1246 2825 fundamento

190 2847 290 2906 nixus.
344 2845 412 2905 Nec
440 2846 561 2904 aliorum
586 2846 691 2905 studiis
715 2846 858 2918 Catullus,
884 2866 971 2926 quem
1003 2846 1134 2924 Scaliger
1157 2846 1246 2907 nimis

192 2940 334 3006 audacter
355 2937 508 3017 oppressit,
524 2947 641 2996 erectus
663 2957 699 2997 ac
721 2937 871 2996 restitutus
896 2937 988 2997 videri
1013 2947 1121 3016 potest.
1163 2937 1245 2996 Nam

188 3032 346 3101 editiones,
361 3049 434 3108 quas
444 3030 585 3089 Voss1us
601 3040 630 3088 et
645 3031 794 3090 Vunerus
809 3041 996 3108 paraverunt,
1011 3050 1070 3088 non
1083 3029 1244 3108 putaverim

190 3144 277 3183 novae
299 3121 475 3183 recensionis
502 3122 620 3181 nomine
643 3122 756 3201 dignas.
809 3123 938 3193 Vossius,
964 3142 1138 3202 quamquam
1164 3123 1243 3182 oti·

189 3235 254 3279 mos
279 3214 394 3273 codices
418 3215 458 3274 ad
472 3234 574 3273 manus
597 3215 737 3286 habebat,
761 3233 850 3294 quum
872 3215 1014 3293 quosdam
1029 3215 1116 3274 ¹locos
1130 3143 1242 3292 ogo

184 3322 279 3389 atquc
297 3308 447 3385 ingeniose
471 3306 678 3377 emendaverit,
693 3317 793 3365 tamen
807 3316 889 3365 tanta
902 3306 1025 3366 audacia
1038 3307 1117 3366 inea
1129 3325 1162 3364 ra
1177 3326 1243 3367 ver.

189 3413 269 3462 satus
283 3411 336 3471 eat,
351 3409 382 3458 et
395 3402 576 3472 conjecturas
584 3396 651 3457 'tam
672 3396 786 3475 ineptas
805 3398 939 3476 adeoque
953 3399 1104 3457 obscenas
1117 3399 1246 3477 recepit,

188 3505 222 3552 nt
233 3492 364 3553 Catullus
377 3501 458 3569 saepe
472 3488 527 3548 sibi
540 3487 710 3549 redderetur
721 3489 971 3567 plane‘dissimilis.
1014 3491 1081 3555 Qua
1094 3509 1163 3549 vero
1178 3491 1243 3550 edi-

187 3587 231 3647 tio
245 3591 307 3662 ejus
328 3585 390 3644 aliis
403 3593 530 3662 praestat,
546 3581 688 3641 variarum
703 3581 859 3641 lectionum
879 3582 1061 3641 adnotationi
1079 3601 1190 3653 vereor,
1204 3594 1242 3643 ut

183 3679 306 3738 omnino
320 3677 392 3735 lidos
412 3674 450 3733 sit
462 3675 607 3743 habenda,
621 3692 711 3750 quum
730 3673 848 3733 nomine
862 3683 994 3731 veterum
1007 3673 1142 3732 librorum
1156 3693 1241 3753 saepe

188 3772 378 3849 designentur
402 3766 544 3826 editiones
569 3765 706 3842 antiquae.
749 3765 875 3825 Omnino
897 3766 920 3824 si
937 3765 975 3824 de
989 3765 1240 3828 emendationibus

181 3873 218 3924 et
230 3861 422 3922 illustratione
433 3859 611 3935 singulorum
622 3857 803 3934 quorundam
816 3857 947 3916 locorum
959 3858 1057 3917 dicere
1071 3856 1240 3933 voluissem,

167 3940 438 4035 'proeonssium
451 3949 705 4017 commemoranda
723 3948 793 4007 mihi
811 3959 910 4008 essent
930 3950 1049 4008 nomina
1069 3949 1239 4024 multorum,

188 4046 238 4127 qui
251 4046 291 4107 'da
303 4046 338 4105 iis
351 4046 426 4105 bene
440 4042 536 4101 meriti
559 4053 636 4112 sunt,
657 4040 810 4101 doctorum
831 4041 966 4101 virorum.
1008 4042 1048 4100 At
1068 4042 1174 4121 loquor
1196 4045 1239 4104 dc

187 4140 312 4216 integra,
328 4154 415 4215 quatu
434 4135 562 4195 editores
575 4133 696 4213 professi
709 4143 785 4203 sunt,
807 4134 978 4193 recensione
991 4143 1143 4205 textus,.et
1164 4136 1239 4196 mibi

178 4240 355 4309 persuasum
367 4228 473 4297 babeo,
489 4227 606 4286 criticos
620 4245 723 4285 munus
736 4233 831 4295 suum,
846 4226 925 4302 quod
938 4226 1108 4286 industriam
1121 4247 1158 4286 ac
1171 4227 1239 4287 dili-

184 4323 314 4402 gentiam
324 4319 457 4403 requIrit,
469 4340 528 4382 nou
541 4319 596 4381 uisi
606 4318 702 4402 obiter
710 4327 743 4388 et
751 4317 951 4401 perfunctorie
965 4330 1239 4401 quaequutoaease.
