2872 4972
337 352 1094 427 ousuuvn'rrortuscltr'ncffl.
1194 356 1246 425 Ἦ

186 537 594 604 condnurridnm'lectioncm
615 545 679 603 tolle
696 538 823 623 'parentis
834 540 909 602 ‘onas
925 543 1020 618 uffart,
1037 539 1104 605 locu
1118 539 1245 603 donni

147 638 150 642 ’
184 633 362 714 scriptorum
375 635 456 715 apud
466 630 608 709 nostrum,
616 646 649 695 ut
662 629 781 716 quide'rn'
791 630 870 696 nunc
881 634 1000 714 legitur,
1014 635 1086 695 nihil
1099 632 1245 716 probant}

196 746 229 786 n.
237 727 295 786 illis
306 724 375 788 ,non
393 724 519 788 difficile·
528 739 576 788 est
592 722 767 800 intellectui,
779 724 1058 808 quo'steferendurn'
1070 724 1245 788 strabum

184 818 249 878 'tolle
256 841 269 888 ς
282 819 312 878 in
325 816 428 881 nostro
442 837 501 880 non
514 831 606 900 patet,
620 817 796 901 quibuscum
808 819 951 898 conjungi
970 818 1081 900 possiti
1097 817 1247 880 ''Pessima

184 909 272 989 igitur
284 907 443 975 rerburnm'
453 922 610 988 structura,
623 926 717 993 quarn.
724 912 916 992 negligentiae·
924 912 1043 974 nomine
1050 931 1112 973 non
1119 911 1245 973 excusa

184 1003 285 1075 uerior,
311 1002 391 1066 iuter
416 1016 594 1085 argumenta·
610 1005 782 1087 suspicionis
807 1010 874 1086 jure
895 1001 1009 1068 obtinet
1023 1005 1123 1079 suum'
1133 1005 1245 1066 locunt.

184 1096 343 1158 Accedunt
353 1109 384 1157 et
397 1096 464 1158 aliu.
486 1098 617 1158 Verbum
627 1096 787 1178 qwtidionu
795 1097 882 1159 metri
889 1098 1005 1158 ratione
1013 1096 1242 1174 rejicilunnsmt

184 1188 266 1267 quod
282 1193 345 1265 jam
367 1187 532 1264 Sentenius,
553 1191 591 1251 de
608 1190 830 1270 significatione
841 1191 988 1265 dubitans,
1008 1190 1130 1264 monuit,
1148 1189 1244 1270 prima

183 1282 269 1358 hujus
296 1282 377 1344 v'ocis
412 1283 528 1363 syllaba
559 1303 676 1363 semper
709 1283 1036 1365 corripitur,:secunun'
1061 1283 1243 1363 produciturr

184 1375 304 1436 Deinde
318 1378 389 1436 vero'
401 1377 540 1436 mirabilis
556 1376 681 1438 varietas
701 1376 737 1437 in
748 1397 792 1440 vs.
815 1380 884 1438 141'.
904 1375 1244 1437 dubitationemafferre

184 1470 282 1550 potest
295 1471 333 1532 de
346 1470 592 1550 genuina‘fornru.
621 1471 1090 1552 YL'egitur.enim1in.codd.'iere
1104 1468 1241 1530 omnibns

173 1565 356 1641 flagrantem,
370 1563 401 1624 in
414 1563 544 1625 Datiano
557 1566 672 1637 codice,
692 1565 742 1645 qui
762 1565 981 1645 optimoe'uotae
999 1574 1054 1636 est,
1069 1563 1198 1623 huminem
1209 1565 1243 1624 et

184 1657 347 1732 componere.
389 1656 611 1733 Auentinam.
625 1658 715 1737 igitur
743 1657 879 1719 codicum
905 1657 936 1716 in
962 1658 1046 1718 bonis
1064 1654 1242 1716 lectionibus

184 1745 272 1825 hujus
292 1747 351 1807 loci
370 1748 488 1809 omnino
506 1750 715 1811 desideramus.
756 1751 825 1821 Jsrn
837 1750 994 1825 ,videamus
1006 1751 1163 1810 verborum
1176 1768 1243 1810 sen·

182 1858 260 1910 sum,
276 1859 364 1918 quem
385 1860 445 1900 non
465 1841 520 1899 nisi
540 1841 571 1899 in
590 1842 712 1919 singulis
732 1843 896 1921 percipere,
918 1842 1020 1903 ordine
1033 1862 1114 1914 vero,
1135 1861 1196 1922 quo
1209 1860 1243 1902 se

183 1931 337 2009 excipiunt
344 1934 509 2004 sententiae,
519 1942 550 1993 et
558 1952 640 1999 nexu
648 1934 802 1993 verborum
813 1953 962 2013 exponere
971 1936 1053 1995 nullo
1062 1946 1151 2015 pacto
1161 1936 1242 1996 licet.

184 2021 320 2082 Catullus
334 2023 464 2084 debebat
470 2043 507 2084 ac
514 2025 635 2086 volebat
647 2025 767 2085 dicere:
783 2033 802 2062 “
811 2027 891 2104 quod
900 2026 1011 2086 Lesbia
1023 2027 1053 2085 in
1068 2047 1168 2089 amore
1182 2027 1242 2088 mei

185 2117 271 2199 unius
285 2137 344 2177 non
358 2117 529 2196 acquiescit,
544 2137 583 2176 ne
593 2117 664 2177 mihi
675 2137 755 2178 curae
768 2119 823 2187 sit;
845 2138 913 2178 nam
922 2119 1063 2195 ejusmodi
1075 2119 1241 2180 sollicitudo

182 2206 266 2273 stulti
277 2223 323 2272 est
336 2222 425 2290 atque
439 2211 568 2290 parentis
579 2211 696 2271 morosi.
718 2211 813 2272 Immo
826 2212 891 2292 ips‘e
902 2211 1012 2272 furtivo
1022 2210 1244 2289 11101θῆ1013-

185 2306 300 2374 Quodsi
322 2304 467 2383 exemplis
488 2315 519 2364 et
543 2304 740 2384 descriptione
758 2305 904 2365 illustrare
925 2305 1122 2366 htecvolebut
1139 2309 1241 2386 poeta,

184 2398 311 2459 Junonis
324 2396 447 2477 pertidia
466 2395 592 2456 tolerata
604 2416 623 2456 u
636 2401 764 2476 conjuge
783 2408 849 2458 erat
867 2396 1065 2478 depingenda.
1107 2399 1151 2458 At
1169 2416 1243 2459 con·

183 2492 321 2572 spicimus
340 2491 370 2549 in
384 2501 484 2550 nostro
504 2491 572 2550 loco
591 2491 729 2563 dononio,
748 2491 793 2550 ira
814 2492 948 2569 (non,·ut
968 2491 1148 2568 Doeringius
1168 2492 1244 2565 vult*

184 2603 294 2655 amore,
310 2586 347 2643 ob
361 2602 403 2643 vs.
419 2587 501 2657 141.)
514 2582 674 2661 flagrantis,
690 2593 722 2642 et
734 2601 862 2642 amorem
876 2583 1011 2660 conjugis
1020 2581 1164 2661 perfidum
1176 2580 1242 2661 'gra‘

184 2678 257 2739 viter
268 2697 305 2738 sc
315 2677 440 2741 moleste
453 2675 584 2749 serentis,
597 2675 765 2756 imaginem,
775 2696 843 2755 quae
855 2674 942 2755 quain
952 2673 1052 2757 inepta
1060 2675 1108 2750 sit,
1119 2672 1190 2737 cunr
1197 2672 1239 2739 vs·

187 2775 254 2834 128.
269 2770 390 2832 dixisset
1231 2788 1234 2793 ·

404 2913 549 2975 Quamquam
560 2914 680 2978 prrenipue
690 2914 813 2963 multivola
824 2921 861 2963 est
872 2908 964 2973 mulier,
1071 2970 1074 2978 ,

185 3051 314 3146 adquod
326 3063 376 3123 illa
385 3061 681 3148 respicere'debcbat,¹
689 3065 807 3124 omnino
820 3056 912 3145 patet.
955 3066 1104 3128 Praeterea
1112 3069 1167 3128 etsi
1181 3061 1241 3129 uon
1303 3058 1313 3093 ⁵

184 3149 288 3238 ignoro
296 3155 444 3218 Catullum
455 3155 600 3237 interdum
608 3155 795 3235 negligentioe
805 3156 970 3243 indulsisse,
982 3152 1081 3232 tritum
1094 3158 1246 3241 nunquam⁴

184 3252 326 3323 adducar,
341 3261 375 3310 ut
394 3259 506 3328 putem,
522 3265 591 3309 eum
615 3247 766 3330 scripsisse
790 3250 820 3308 in
839 3251 919 3326 culpo
925 3252 1070 3330 flagrauit
1082 3246 1247 3329 quotidiano

184 3331 294 3404 noscens
308 3343 428 3420 purime
438 3342 528 3422 forto
535 3367 548 3411 ,·
568 3341 648 3420 quod
661 3341 752 3402 sensit
767 3341 918 3420 Heinsius,
933 3353 964 3402 et
977 3345 1158 3406 correctione
1171 3344 1244 3406 locu

185 3454 357 3498 succurrere
384 3433 486 3495 voluit.
529 3435 661 3517 Aequo
683 3444 773 3514 pacto
793 3432 843 3493 illa
867 3434 1027 3515 descriptio
1046 3437 1143 3496 verbis
1172 3434 1249 3514 soepc'

184 3531 267 3590 etium
279 3534 473 3606 conjungatur
486 3545 554 3586 curn
572 3527 825 3611 antecedentibus,
839 3526 891 3587 vix
903 3527 1092 3607 intelligitur;
1114 3548 1170 3588 nec
1183 3529 1245 3589 'sol-·

184 3623 283 3694 atium,
299 3610 328 3681 in
343 3621 423 3711 quod
443 3618 624 3700 Doeringius
647 3620 711 3680 hreo
731 3621 809 3680 dicta
829 3636 895 3681 esse
913 3629 1006 3701 putat,
1022 3622 1158 3701 cognovi,
1171 3624 1240 3684 curn

184 3720 275 3795 poeta
288 3713 423 3792 adjiciat:
814 3715 817 3720 ’
916 3738 920 3743 ·
1202 3703 1249 3747 '²³’

304 3840 306 3844 ¹
396 3855 514 3918 alquinus
526 3823 714 3939 Divisionriuus
725 3856 860 3938 componier
871 3834 963 3920 equum
974 3848 1018 3907 sstss
1048 3840 1052 3849 ¹
1095 3927 1100 3933 ἢ
1170 3900 1174 3905 ,

186 3997 294 4058 Omnis
307 4017 389 4070 vero,
400 4016 466 4077 quse
477 3998 652 4078 interpretes
662 3988 1251 4089 οοποοῐίοηίὺνιοιῂοάἰωριιωνετνιίᾗῖ

185 4083 297 4164 versus,
306 4111 394 4172 quem
406 4091 502 4166 attuli,
514 4080 618 4179 rursus¹
626 4090 746 4177 mirifice
761 4090 879 4150 turbat'
901 4088 1007 4170 Nam,
1015 4082 1248 4173 vulgrtrfe'nr'fflac-i

185 4183 295 4244 tionem
308 4195 457 4264 sequutus,
473 4170 879 4246 nnnnramliabcbis'uerbi's
888 4179 1070 4263 antepositis
1077 4180 1170 4261 sepis
1265 4190 1268 4195 ’

186 4279 376 4369 conueniatur
403 4279 539 4344 uiuidum
557 4278 639 4359 quod
658 4277 716 4342 des
728 4275 839 4351 fecerit,
853 4276 874 4337 i.
887 4295 915 4340 e.
936 4274 1021 4340 irtsd
1033 4250 1168 4359 perrid-

1016 4405 1046 4456 Μ
