2872 4972
194 353 238 420 24
404 348 709 418 trauntur<
738 348 1040 421 GATULLUM

192 535 266 610 tulii,
285 546 326 610 et,
348 536 428 616 quod
449 535 479 595 in
494 535 621 614 ingratos
638 533 757 616 scripsit
768 545 867 615 poeta,
885 535 917 595 in
930 534 1252 598 snumiraudulcatum

189 627 314 689 amicum
329 621 471 709 scriptum
482 647 550 699 esse
560 627 665 709 voluit.
685 625 916 706 ¹Versusautem
927 637 986 689 tarn
1000 628 1144 690 horribilis
1156 640 1253 709 atque

188 719 317 801 ingentis
328 719 442 790 formae,
456 729 490 779 ut
502 730 605 780 sextus
620 729 675 792 est,
690 739 751 780 non
764 720 855 782 modo
868 740 929 781 non
942 720 1056 801 scripsit
1067 732 1179 796 noster,
1192 723 1253 783 sed

124 839 145 875 a
191 813 263 873 nulli
273 822 350 874 sunt.
379 814 431 874 Ac
445 811 630 891 Scaligerurn
642 824 674 873 et
687 812 829 874 Vossium'
837 814 899 892 jam
910 812 1096 876 offenderunt
1106 813 1252 895 languida

189 907 281 967 rerba
304 906 422 976 rctmilti,
443 915 474 964 et
487 905 586 984 reponi
605 907 754 984 jusserunt
774 925 814 965 aa
826 907 902 980 mili,
923 906 1004 984 quod
1017 911 1079 983 jam
1093 908 1250 981 Guarinus

188 998 283 1059 affert.
317 999 385 1058 Nec
398 996 492 1056 minus
507 997 607 1058 obstat
618 996 759 1076 loquendi
772 997 848 1059 ratio
859 1017 935 1076 quoa
947 1019 1022 1058 nemo
1032 1002 1149 1079 grcoim
1161 1009 1249 1079 urget

187 1111 269 1171 quom
286 1091 343 1169 qui.
382 1088 486 1151 Missis
504 1089 550 1151 his
566 1090 710 1168 versibus,
723 1109 792 1151 non
812 1089 937 1170 amplius
958 1090 1105 1155 dubitabis
1124 1092 1163 1152 de
1176 1111 1249 1171 voc.

184 1185 261 1262 piam
273 1202 320 1252 vs,q
329 1185 360 1243 2.
373 1181 454 1264 quod
467 1180 587 1261 Gryph.
601 1192 632 1242 et
647 1172 817 1263 Tuscancll.
830 1182 915 1257 edit,
925 1183 1097 1264 nescioquo
1111 1195 1248 1259 auctora,

187 1276 311 1341 autaut
322 1276 352 1337 in
365 1284 442 1335 tcum
453 1297 465 1344 ‚·
491 1275 724 1354 etenimgratus,
743 1275 860 1355 accepti
872 1275 1012 1341 beneficii
1025 1297 1151 1352 memor,t
1159 1287 1247 1350 recte

102 1392 106 1399 ’
178 1367 375 1447 ,diciturptua
389 1376 424 1428 ut
440 1369 504 1447 jam
518 1367 692 1428 Parthenius
706 1367 838 1441 monuit3
865 1366 1110 1432 sieLxxvtc.
1142 1371 1248 1444 Acce·

186 1461 263 1542 dunt
271 1461 337 1523 haec
351 1460 410 1521 duo
418 1470 600 1541 argumenta.
636 1459 882 1539 Olimsslegebatnr
894 1480 939 1522 vs.
949 1467 980 1524 6.
993 1462 1083 1530 tolet,
1095 1474 1128 1533 ut
1141 1475 1246 1527 exstat

178 1552 217 1613 'in
228 1553 401 1635 vicentium
426 1554 486 1614 hoc
507 1553 602 1632 ipsum
616 1550 734 1611 videtur
747 1570 767 1611 a
778 1570 868 1624 manu
882 1553 1103 1634 *interpolatoris
1124 1555 1245 1635 profec-

183 1657 256 1708 tum.
298 1645 418 1706 Deinde
438 1644 595 1716 avandus,
620 1643 841 1722 quemscimus
862 1655 992 1706 veterem
1013 1646 1147 1708 codicem
1171 1659 1244 1710 ante

185 1738 286 1809 oeulos
308 1738 455 1809 habuisse,
470 1738 520 1797 ita.
535 1735 697 1797 adnotavit.
740 1742 758 1773 “
773 1735 831 1795 Ille
843 1755 956 1812 versus,
979 1739 1083 1798 Desine
1097 1740 1129 1798 de
1141 1760 1171 1817 q.
1188 1752 1245 1803 -cst

184 1829 357 1912 principium
371 1828 574 1890 tetrastichii.”
615 1830 713 1897 Quam
726 1830 950 1907 argumentandi
963 1831 1103 1891 rationem
1113 1834 1242 1912 sequuti,

185 1924 396 2005 expungendos
410 1922 487 1984 *illos
509 1940 609 1983 versus
636 1932 832 2000 putamus.-
843 1922 896 1982 Ad
914 1923 1029 2002 reliqua
1050 1925 1141 1984 verba
1159 1925 1243 2004 quod

183 2017 297 2089 attinet,
311 2036 354 2078 vs.
370 2021 398 2076 1.
413 2034 451 2076 ex
463 2034 522 2074 uno
538 2012 625 2074 Statii
641 2013 718 2074 cod.
740 2024 771 2074 et
785 2032 822 2075 ex
836 2024 906 2074 vett.
922 2016 1005 2076 editt.
1020 2016 1155 2089 omnibus
1168 2017 1242 2092 rcci-

182 2107 323 2188 piendum
349 2118 396 2168 est
415 2108 580 2186 quidquam
602 2104 764 2175 altisoni
785 2106 850 2165 libri
874 2106 1024 2171 habebant
1047 2109 1188 2186 quisptam
1208 2120 1242 2171 et

180 2221 346 2280 quenquam.
360 2200 414 2262 Vs.
427 2200 515 2262 tertio
527 2199 691 2260 secundum
700 2198 797 2275 MSS.
809 2199 886 2266 cdd.
898 2211 929 2260 et
937 2201 1078 2279 loquendi
1086 2202 1239 2276 rationem,

183 2295 277 2359 deleri
288 2295 380 2357 debet
392 2304 454 2363 ert,·
472 2311 569 2371 neque
579 2291 687 2370 legitur
696 2291 729 2359 in
741 2292 948 2367 adinvicem.
960 2293 1048 2364 Bria.
1067 2304 1098 2364 et
1115 2294 1241 2366 Venett„

182 2387 233 2455 Dc
248 2389 352 2449 vocab.
369 2387 439 2445 niul
453 2406 509 2446 esse
530 2385 569 2444 cf.
583 2384 647 2444 Cic.
665 2384 701 2442 in
711 2382 812 2458 Coecil.
827 2385 917 2461 divin.
933 2391 994 2449 15:-
1012 2385 1240 2460 Ultimovarau

185 2475 675 2557 exhibeutrecentiorcseditiones
803 2495 850 2555 '-

438 2645 513 2693 Immo
524 2642 585 2692 anim
595 2643 675 2718 tardat,
685 2639 881 2705 tardat'obaatque
892 2643 976 2706 magis.
1083 2636 1088 2641 ’

181 2797 262 2879 quod
280 2784 454 2876 profitentur
475 2811 539 2854 esse
560 2791 719 2853 lectionem
742 2791 899 2854 Codicum.
941 2793 986 2854 At
1000 2812 1060 2854 non
1078 2803 1143 2864 est}
1164 2813 1235 2855 narn

180 2889 268 2950 unico
284 2888 453 2958 testimonio
474 2880 918 2965 cantabrigiensis'riondidem'
931 2887 1041 2948 habeo.
1082 2886 1237 2950 Guarinus

177 3001 259 3058 vero,
271 3002 361 3062 quem
370 2990 477 3042 testem
488 2980 668 3062 producunt,
683 2998 744 3039 non
758 2979 881 3039 affirmat
895 2980 1054 3041 lectionem
1068 3001 1133 3042 esse
1147 2980 1233 3056 codi-

176 3075 316 3148 cum-sed
327 3067 540 3153 correctionem
551 3072 630 3132 hanc
641 3070 756 3130 Aldinae
771 3071 799 3132 ei
813 3071 968 3151 placuisse.
1010 3073 1123 3134 Omnes
1137 3070 1232 3134 Mus,

179 3167 264 3230 Statii
277 3179 309 3229 et
322 3166 435 3246 anacii
446 3177 478 3226 et
489 3165 560 3225 edit.
571 3163 687 3224 Vicent.
699 3163 783 3223 Brix.
794 3164 915 3225 Venett.
929 3165 989 3225 ita:
1178 3192 1181 3197 ·
1214 3190 1217 3198 ·

409 3319 487 3386 luneio
497 3333 568 3384 aliam
575 3300 668 3392 tadat3
688 3332 820 3396 statmagis
830 3340 902 3396 atqua
911 3333 996 3396 magis,

176 3453 224 3513 vel
237 3459 345 3528 statque
358 3428 497 3529 magisque
511 3447 611 3526 magis,
652 3441 764 3508 Utrum
777 3466 848 3508 vero
862 3447 968 3527 corrigi
976 3445 1099 3518 debeat,
1113 3465 1152 3536 an
1164 3464 1242 3527 pro·

176 3543 251 3617 bari,
264 3542 355 3604 finem
372 3538 587 3624 epigrammatis
606 3542 736 3622 periisse,
757 3552 788 3602 et
807 3541 838 3601 in
856 3540 1065 3601 recentioribus
1079 3537 1230 3600 codicibus

175 3634 312 3700 lacunam
332 3634 465 3720 pessimis
481 3633 612 3699 versibus
636 3636 787 3725 expletam
810 3654 887 3710 esse,
912 3630 1239 3725 decernerenondum

175 3749 278 3794 amm
966 3751 969 3754 Δ
1162 3746 1164 3750 .

407 3999 410 4003 ¹
567 3921 621 4017 ΙΛᾶ
646 3906 839 4020 Carmanii·

99 4052 105 4062 ’
189 4060 269 4132 Vs
280 4062 313 4126 1.
323 4024 636 4142 ‘assumptam
665 4063 949 4128 Aliiincodicibns
968 4061 1130 4144 selegisse
1149 4025 1240 4127 aur-⁸

173 4157 398 4238 msutdslioicrr.
439 4158 613 4239 Perperam3
639 4177 708 4220 nam
721 4179 740 4218 a
753 4159 872 4235 Catullo
888 4160 1228 4240 paduanensem

174 4250 420 4334 dcir'cimprobare
430 4250 543 4314 videtm
557 4251 687 4315 Martial.
702 4251 775 4315 Vll.
792 4256 840 4313 14.
