2872 4972
330 366 801 438 OBSERVA-'PIONES
827 368 1084 440 calmont.
1190 369 1248 437 89·

155 579 156 582 ¹
185 573 225 633 go
234 553 264 613 in
277 564 368 634 ponte
376 555 556 636 ¹spectacula
566 556 725 617 ederentur
726 555 830 636 ‚quod
843 555 874 615 in
885 554 1040 635 ‚ponticulo
1051 536 1184 625 infirmo,'
1192 551 1248 632 qui
1359 627 1361 632 ¹

184 646 225 706 ibi
240 657 313 720 erat,
326 647 390 710 fieri
403 658 464 709 uon
485 649 592 729 potuit.
634 648 788 730 Catullus'
780 648 870 726 igitur
885 648 1019 709 Coloniae
1032 645 1177 728 promittit
1189 646 1246 706 bo·

185 759 255 798 num
268 749 398 818 pontem,
404 761 463 821 quo
477 742 525 801 vel
536 740 681 802 Saliorum
694 759 780 801 sacra
793 739 996 820 suscipiantur,
1011 739 1032 801 i.
1046 759 1075 801 e.
1093 739 1164 800 satis
1177 738 1250 803 lon·

185 852 256 911 gum
269 853 305 894 ac
316 833 442 894 firmum.
484 834 581 895 Recte
602 833 711 912 legitur
723 835 812 911 longo,
823 833 909 913 quod
922 847 1025 895 omnes
1041 831 1133 893 Statii
1145 830 1250 903 codd..

185 925 349 989 Dresdens.
377 935 408 987 et
430 944 532 986 omnes
545 937 619 989 vett
645 925 730 986 editt.
754 925 931 986 exhibent.
951 925 1130 1003 Corruptum
1150 901 1248 986 ludere

187 1018 317 1079 omnium
332 1019 432 1089 Codd.
446 1030 477 1079 et
491 1031 564 1083 vett.
574 1019 683 1080 edat.
670 1039 733 1097 Jam
748 1018 860 1079 Perfer.
871 1018 1011 1078 mutavit
1004 1039 1035 1077 ιιι
1048 1019 1150 1085 ludere.
1193 1052 1197 1080 ;
1244 1070 1251 1080 .

228 1110 328 1171 Verba
348 1103 376 1170 cst
394 1113 477 1170 salire
488 1121 617 1189 paratum
638 1113 726 1194 labeo,
740 1111 844 1190 quibus
857 1110 936 1190 male
950 1109 1107 1184 intellectis
1122 1118 1186 1177 orta
1195 1120 1248 1187 lest

186 1203 277 1264 lectio
299 1224 375 1282 quem
389 1205 473 1280 cupis,
496 1224 555 1264 non
578 1202 633 1263 nisi
647 1222 686 1263 ex
700 1193 840 1282 loquendi
853 1202 979 1276 ratione,
1002 1200 1115 1262 Graecis
1129 1201 1247 1274 unitata,
1316 1219 1317 1222 ’

188 1296 329 1376 explicari
348 1307 455 1377 potest.
498 1296 538 1355 At
560 1294 660 1356 Latini
684 1314 803 1374 quoque
816 1297 913 1375 po'e'tae
927 1306 1048 1355 utuntur
1062 1314 1099 1354 ea
1111 1292 1245 1354 infinitivi

188 1389 418 1459 constructione,
436 1407 496 1466 qua
509 1393 610 1448 tamen·
627 1386 785 1446 infinitivus
807 1405 866 1447 non
879 1386 1052 1447 substantivi
1064 1386 1190 1447 nominis
1205 1386 1248 1466 (h.

188 1481 209 1540 l.
231 1480 401 1559 accusativi)
422 1479 486 1540 vice
509 1480 640 1560 ponitur,
665 1489 699 1538 ut
720 1499 738 1538 a
760 1479 968 1539 Grammaticis
988 1479 1058 1540 satis
1072 1478 1247 1559 expositum.

191 1576 267 1644 Quae
281 1573 403 1634 Vossius
416 1573 499 1635 affert
515 1573 662 1653 exempla,
684 1592 746 1632 rem
761 1592 820 1632 nou
834 1573 990 1633 illustrant.
1010 1616 1013 1620 -
1030 1572 1250 1653 Meliora-hac.

108 1675 114 1688 ¹
190 1665 236 1727 Ut
246 1665 309 1728 aliis
326 1666 357 1725 in
370 1665 444 1727 locis
455 1675 572 1744 paratus
586 1687 678 1725 amore
696 1665 792 1726 XLV.
806 1671 836 1726 4.
851 1676 882 1725 et
896 1675 1002 1724 tentore
1017 1667 1115 1743 parati
1128 1665 1185 1724 XI.
1198 1661 1247 1726 14.

192 1749 325 1819 Catullus
337 1758 418 1832 dicit,
433 1770 464 1819 et
478 1757 622 1819 Horatius
640 1769 758 1836 paratus
771 1761 869 1830 subire.
883 1748 1009 1840 aliaque
1018 1759 1104 1837 hujus
1119 1759 1248 1839 generis,

191 1843 233 1911 ita
245 1850 331 1911 simili
348 1850 601 1927 ratioueporutum
612 1852 692 1909 lobes
705 1850 726 1911 i.
736 1870 764 1914 e.
778 1861 897 1928 paratus
912 1849 943 1911 es
954 1851 1045 1911 salire.
1057 1851 1154 1911 Plaut.
1163 1852 1250 1926 Poen.

192 1942 220 2005 1.
236 1949 267 2005 2.
283 1949 360 2006 100:
394 1945 416 1981 “
433 1945 476 2003 At
491 1963 548 2023 ego
560 1962 627 2003 amo
641 1943 731 2004 hanc.
743 1942 823 2006 Mil.
834 1954 865 2004 at
879 1942 936 2022 ego
951 1943 1017 2004 esse
1032 1954 1063 2005 et
1075 1941 1250 2006 bibere.”.-'

193 2037 330 2121 Propert.
345 2036 473 2100 1.1.1a.
519 2096 521 2100 ,
1019 2059 1023 2076 ¹

198 2212 203 2220 ’
291 2223 360 2269 vad.
558 2199 814 2286 Sedvererir,inepta,

402 2341 406 2350 .
453 2299 529 2346 Crura
538 2299 654 2360 ponticuli
664 2299 811 2347 adaulitantia
822 2298 977 2354 inredtvivus,

453 2376 492 2422 Ne
502 2376 600 2438 supinus
611 2383 656 2433 eat,
668 2392 771 2438 caraque
779 2377 802 2424 in
814 2376 899 2441 palude
911 2378 1038 2425 recumbat.
1134 2404 1138 2416 ·

234 2499 306 2561 Non
316 2501 410 2580 miuus
424 2503 595 2567 aberrarunt
608 2523 627 2563 a
638 2522 719 2577 vero,
732 2503 780 2582 qui
792 2503 915 2565 verbum
929 2504 1022 2580 inepto
1035 2503 1198 2587 retulerunt
1211 2502 1251 2564 ad

153 2592 359 2655 Coloniam.
381 2595 698 2674 ConJungendasunt‘
702 2595 819 2677 ‘inepta
833 2595 946 2675 crura,’'
959 2583 1251 2671 imenousatiscou·
1289 2616 1312 2635 ἃ

188 2691 294 2763 juncta
306 2687 477 2757 neclirma·
498 2707 565 2747 nam
579 2687 696 2767 proprie
709 2687 751 2747 ita
765 2687 913 2747 dicuntur.
954 2687 1043 2767 Aptis
1057 2689 1144 2749 rebus
1158 2709 1251 2775 oppo-

194 2791 304 2839 nuntur
318 2779 406 2840 etiam
420 2778 570 2839 dissolutae
583 2778 667 2855 (Cic.
675 2779 773 2841 deoff.
785 2779 810 2838 1.
822 2785 874 2843 35.
878 2781 1008 2859 Apulei.
1019 2780 1058 2841 de
1072 2781 1192 2842 Mundo
1200 2786 1251 2844 20

195 2882 266 2952 apta
274 2882 305 2931 et
314 2870 469 2948 reuncta)
480 2883 511 2931 et
522 2876 743 2951 conJunguntur
756 2890 822 2931 cum
831 2870 920 2933 rebus
931 2891 1074 2934 connexus
1084 2874 1161 2949 (Cro
1175 2863 1253 2954 parts

195 2975 270 3025 orat.
285 2969 335 3026 99.
339 2965 348 3043 )
352 2964 535 3024 .—Tertium
547 2983 662 3026 versum
673 2983 690 3025 e
704 2967 875 3045 conjectura
887 2965 1031 3045 Scaligeri
1043 2967 1156 3046 recepit
1169 2967 1253 3028 Doe-

172 3107 174 3110 .
195 3056 326 3136 ringius;
342 3058 409 3136 jure
419 3058 594 3138 repugnavit
606 3057 738 3118 Vossius.
779 3058 856 3119 Mss.
871 3057 957 3118 Statii
968 3077 1071 3120 omnes
1084 3059 1174 3118 Crura
1183 3052 1254 3136 poni
1278 3120 1279 3123 ,

197 3151 278 3209 ticoli.
288 3170 321 3208 oc
339 3152 420 3210 sakis
433 3153 519 3209 tontis
534 3152 710 3226 immitiores,
723 3151 753 3210 in
767 3170 827 3231 quo
845 3150 947 3210 vitium
960 3151 1067 3225 inesse,
1081 3163 1114 3213 et
1126 3153 1211 3213 metri
1220 3164 1254 3213 et

196 3262 300 3303 sensus
308 3241 477 3304 defectione
486 3243 669 3323 intelligitur.
711 3243 790 3304 Nam
800 3243 912 3315 sensus,
922 3263 1010 3324 quem
1021 3264 1059 3305 ex
1068 3245 1255 3307 illaleotione

101 3366 103 3371 ·
197 3338 343 3399 extricare
357 3338 470 3398 studuit
483 3337 674 3418 Doeringius,
689 3357 749 3399 non
759 3338 854 3399 solum
866 3334 964 3397 ¹durus
978 3349 1057 3399 esset
1071 3349 1159 3417 atque
1171 3338 1256 3418 ineps

197 3442 254 3505 tus,
280 3434 334 3492 sed
357 3449 395 3490 ne
412 3432 507 3492 verbio
527 3432 647 3512 quidem
660 3449 818 3512 congruus.
842 3425 843 3430 ’
860 3433 928 3499 Quo
951 3432 1041 3491 modo
1062 3450 1132 3491 vero
1147 3431 1256 3490 Cicero

198 3526 275 3586 dixit
285 3527 371 3606 (orat.
384 3527 548 3605 deharusp.
558 3545 635 3605 resp.
644 3527 706 3602 99.)
729 3532 749 3563 “
760 3536 1143 3604 posteaquam-emergere
1152 3535 1257 3585 aucto*

197 3618 570 3679 ritatemefluctibusillius
580 3617 735 3690 servitutis,
746 3609 1256 3690 reviviscere'uremoriamuidet?-

199 3731 237 3771 eo
257 3711 346 3771 modo
361 3731 419 3771 ιιοιι
430 3722 530 3792 potest
544 3711 701 3772 commode
714 3710 774 3771 dici
796 3717 815 3747 “
830 3709 997 3790 ponticulus
1012 3730 1049 3769 ex
1063 3709 1152 3770 sulcis
1168 3708 1256 3772 tantis

198 3804 399 3877 irredivivus,”
409 3805 493 3884 quasi
501 3806 560 3865 hoc
575 3805 613 3864 sit
623 3805 642 3864 i.
655 3825 684 3885 q.
695 3805 889 3863 irrevocabilis.
922 3803 1072 3864 Praeterea
1082 3803 1148 3863 libri
1167 3805 1256 3885 pleri·
1295 3855 1298 3859 .

199 3919 258 3978 que
273 3899 414 3958 exhibent
429 3920 471 3970 oc,
487 3919 545 3958 ιιοιι
561 3919 602 3970 ec,
618 3908 651 3956 ut
664 3896 809 3974 Doering.
820 3906 914 3975 putat.
945 3898 989 3956 At
1002 3905 1127 3956 metrum
1138 3917 1256 3976 quoque

199 3991 305 4062 obstat,
320 3989 400 4070 quod
414 3991 484 4050 satis
498 3989 661 4068 argumenti
676 3999 732 4048 est.
775 3988 868 4065 Cujus
882 3987 996 4048 ratione
1011 3988 1098 4048 etiam
1112 3989 1257 4051 correctio

202 4083 345 4162 Scaligeri
355 4082 494 4158 rejicitur3
515 4102 583 4142 nam
594 4101 695 4144 versus
708 4080 859 4158 Priapeius
872 4080 912 4152 ud
922 4091 1105 4160 asynartetos
1118 4082 1256 4160 pertinet)

201 4177 239 4236 de
251 4162 356 4254 quibus¹
364 4176 423 4234 vid.
435 4176 640 4235 Hermannum
652 4175 756 4253 Comp.
771 4183 826 4232 art.
839 4184 923 4235 metr.
937 4175 967 4251 l.
977 4175 1258 4236 425.-Dresdens.

202 4268 300 4338 codex
319 4270 396 4330 hauc
415 4271 530 4348 praebet
550 4267 723 4328 lectionem:
749 4265 839 4325 Crura
863 4267 995 4342 ponticuli
1020 4287 1052 4327 uc
1074 4268 1142 4326 sulci
1162 4268 1258 4357 tontis.
