2872 4972
332 356 799 430 OBSERVATIONES
828 357 1088 428 GRlTIGAE.
1189 357 1235 423 23

186 544 737 650 noumucoaenunsnar,
834 578 837 586 .
924 547 929 558 ·

440 688 499 736 (inm
510 687 566 736 diva
575 687 660 762 mulier
668 684 841 759 aliosnostcadit
850 685 982 741 oscitantes.

186 784 308 890 Vossius
322 848 362 889 ex
375 780 450 889 libro
461 827 539 888 Bibl.
551 826 677 888 Palatia.
686 844 828 927 perquam
837 825 959 907 antiquo
971 825 1055 886 affert

430 984 490 1033 cun
503 983 559 1032 diva
568 982 650 1033 Melite
660 997 733 1031 neves
744 979 849 1031 ostendit
857 980 994 1032 oscitantes.
1045 1032 1048 1039 ,

185 1122 263 1188 Quae
276 1106 306 1180 in
319 1108 495 1182 editionibus
508 1120 594 1181 aliter
606 1119 755 1199 leguntur,
767 1121 864 1183 omnia
874 1121 1047 1182 fluxerunte
1057 1126 1236 1199 conjectura,

185 1214 281 1286 etita,
295 1225 330 1274 ut
341 1213 432 1275 lectio
446 1213 592 1287 codicum,
605 1230 743 1273 mensura
762 1223 873 1274 carent.
915 1215 1023 1295 Neque
1036 1203 1091 1287 est,
1106 1217 1186 1295 quod
1199 1217 1238 1278 de

187 1312 282 1393 metro
291 1307 451 1366 'verborum
465 1323 640 1388 quaeramus,
655 1305 759 1384 quibus
771 1326 875 1383 sensus
894 1309 989 1389 bonus
1009 1326 1044 1368 ac
1061 1309 1130 1369 loco
1151 1321 1239 1390 aptus

185 1410 245 1457 non
267 1398 459 1458 continetur.·
483 1397 584 1457 Verba
592 1404 698 1456 'autern
716 1400 835 1456 ostendit
856 1401 1002 1459 oscitantes
1020 1400 1147 1461 maxime
1167 1401 1237 1462 mihi

185 1499 263 1550 sunt'
272 1500 418 1570 suspecta.
460 1484 630 1549 Oscitantes
642 1506 711 1548 aves
726 1506 793 1568 quae
804 1489 870 1562 sirit,
890 1490 1012 1571 intelligi
1022 1510 1088 1551 non
1100 1503 1237 1572 possuntt

186 1570 253 1641 narn
266 1580 345 1686 quod
358 1580 474 1640 Gellius
492 1580 547 1639 IV.
561 1584 611 1641 20.
626 1578 879 1659 dicit'quendam,
893 1583 1033 1643 oscedine'
1044 1584 1238 1669 laborantem,
1329 1636 1332 1641 ,

187 1693 254 1735 cum
273 1675 379 1750 injure
392 1683 494 1744 staret,
509 1670 694 1733 claremmis·
703 1680 738 1731 a'c
756 1691 862 1733 sonore
877 1673 1027 1747 oscitasse,
1040 1675 1097 1736 alia
1115 1688 1161 1737 est
1178 1697 1240 1750 res,

184 1787 242 1827 nec
254 1786 321 1827 cum
333 1767 460 1851 clamore
473 1767 570 1824 atium
582 1763 800 1827 confundenda.
822 1765 890 1825 Nec
904 1779 1134 1828 commemoratu
1149 1769 1239 1849 digna

187 1869 255 1919 aunt
282 1879 328 1930 ea,
356 1878 422 1937 quae
442 1859 618 1936 interpretes
639 1856 678 1916 de
697 1855 892 1936 halcyonibus
912 1861 942 1938 (a
960 1858 1065 1938 quibus
1083 1848 1180 1920 sereni
1206 1873 1239 1922 et

185 1951 332 2029 tranquilli
346 1950 409 2009 dies
420 1949 615 2026 dicebantur),
625 1948 674 2009 vel
689 1951 728 2011 de
741 1949 861 2009 Helena
872 1968 909 2010 ac
923 1950 1045 2011 Castore
1059 1962 1090 2011 et
1104 1953 1237 2027 Polluce,

186 2044 234 2103 vel
256 2043 295 2103 de
314 2052 415 2112 nocte,
435 2041 503 2101 diva
515 2041 637 2103 muliere
657 2042 750 2102 alios
742 2061 772 2100 ιιι
786 2050 888 2101 somno
906 2041 991 2101 nobis
1004 2043 1156 2124 oscitante,
1169 2046 1239 2107 satis

185 2136 285 2214 inepte
299 2134 433 2194 hariolati
446 2144 523 2194 sunt.
554 2135 699 2215 scaligeri
711 2153 781 2195 vero
795 2134 951 2213 explicatio
961 2144 992 2194 et
1006 2136 1162 2210 correctio,
1173 2158 1241 2218 quae

186 2239 312 2287 metrum
325 2227 496 2299 nonhabet,
509 2227 551 2287 ita
564 2229 692 2288 absurda
701 2226 828 2299 videtur,
842 2236 875 2284 ut
887 2227 1029 2306 perplexa
1038 2239 1092 2287 est.
1133 2230 1239 2291 Verbis

187 2338 305 2380 sensum
315 2319 412 2379 inesse
425 2318 526 2392 voluit,
541 2337 629 2399 quem
642 2339 703 2379 non
717 2318 880 2379 continent.
903 2319 1022 2380 Catullo
1035 2338 1094 2380 non
1107 2333 1171 2383 erat
1180 2313 1240 2382 om-

186 2412 257 2471 nino
267 2410 460 2471 describenda
472 2411 591 2472 turbida
602 2412 743 2493 procella,
756 2412 811 2472 sed
818 2413 960 2491 rapacitas
969 2417 1053 2490 ejus3
1071 2423 1101 2475 at
1109 2416 1241 2498 descrip-

186 2505 227 2564 tio
238 2504 449 2583 qualiscunque
458 2506 569 2565 absona
577 2517 667 2584 atque
676 2505 920 2565 antecedentibus
930 2525 1035 2585 parum
1049 2509 1240 2594 aptniuisset.

190 2597 371 2655 Tentavere
384 2596 518 2656 lectionis
531 2597 666 2668 varietas,
680 2616 782 2657 sensus
800 2597 888 2675 plane
907 2616 1023 2676 expers,
1041 2617 1078 2659 ac
1091 2602 1176 2660 metri
1190 2603 1240 2662 de-

187 2689 279 2749 fectio
292 2707 351 2746 nou
363 2687 420 2747 alio
434 2687 531 2759 modo,
546 2699 628 2768 puto,
641 2689 769 2748 existere
787 2688 892 2766 potuit,
906 2708 994 2768 quam
1009 2693 1140 2754 consutis
1154 2695 1241 2754 variis

185 2782 292 2856 verbis,
300 2800 367 2860 quae
380 2779 559 2858 glossatorea
572 2781 603 2839 in
615 2781 747 2859 margine
761 2781 988 2860 adscripserant.
1029 2785 1079 2844 Ac
1091 2785 1190 2865 siquis
1201 2787 1241 2849 de

188 2875 246 2935 hac
271 2894 303 2933 re
330 2872 475 2947 conjicere
489 2873 570 2945 velit,
590 2873 621 2931 iu
639 2875 729 2932 verbo
749 2874 868 2933 oscitana
887 2874 1114 2954 explicationem
1133 2878 1243 2959 dapne<

187 2967 300 3027 hendet
313 2964 448 3024 vocabuli
467 2965 541 3036 miii,
556 2964 587 3023 in
609 2964 754 3044 corruptis
774 2964 865 3026 literis
884 2987 944 3026 com
965 2967 1011 3027 dio
1029 2969 1137 3030 Mollia
1148 2991 1238 3033 voca·

187 3059 277 3119 bula:
302 3057 401 3114 cinaede
417 3057 522 3127 Thalle,
537 3056 576 3115 ad
587 3056 767 3135 superiorem
779 3076 896 3117 versum
908 3058 1035 3134 adjecta.
1076 3061 1240 3144 Utcunque

188 3162 254 3212 orta
270 3149 308 3209 sit
321 3147 518 3228 interpolatio,
540 3148 692 3209 codicibus
705 3149 807 3209 nostris
821 3149 976 3229 antiquior,
989 3170 1090 3214 veram
1104 3154 1166 3227 ille,
1178 3176 1248 3236 quo,

187 3244 340 3320 hucusque
358 3258 476 3300 carmen
497 3241 758 3320 conspuroabatur,
780 3241 938 3317 ejiciendus
958 3251 988 3303 et
1006 3243 1037 3303 in
1051 3242 1118 3305 eum
1131 3246 1240 3321 locum,

185 3338 266 3396 unde
279 3333 368 3404 venit,
384 3333 566 3412 ablegandus
578 3333 716 3405 videtur,
735 3353 794 3412 quo
807 3333 889 3395 facto
902 3334 996 3396 oratio
1005 3337 1082 3398 bene
1092 3341 1239 3418 procedit,

186 3426 413 3506 necquidquam
426 3425 617 3487 desideratur.

230 3517 360 3581 earmini
370 3517 522 3578 LXXIlI.
524 3518 652 3598 ‚quod
628 3518 780 3579 Catullus
773 3539 803 3577 m
812 3519 941 3599 ingratos
949 3521 1081 3603 scripsit,
1084 3470 1238 3587 Gramma·

74 3616 83 3639 '⁸
188 3614 265 3674 tinus
279 3610 327 3671 vel
339 3608 472 3670 librarius
491 3610 594 3690 aliquis
607 3594 767 3672 versiculos
781 3621 842 3670 tam
862 3612 977 3691 ineptos
990 3615 1124 3691 obtrusit,
1138 3628 1172 3678 ut
1185 3620 1238 3679 rni-

187 3726 252 3768 rum
262 3706 300 3765 stt
300 3703 417 3784 quod
408 3715 581 3785 interpretes
592 3705 726 3765 fraudem
739 3723 799 3764 non
808 3705 1015 3776 intellexerint
1028 3694 1161 3789 adeoque
1175 3731 1240 3772 sen·
1247 3784 1251 3791 Ι

188 3820 237 3860 sus
251 3796 430 3877 percipiendi
443 3816 532 3859 causa
540 3798 631 3857 verba
639 3796 788 3856 mutauut
810 3796 885 3856 Sunt
895 3817 995 3859 versus
1009 3804 1039 3862 5
1048 3805 1119 3863 et6.
1133 3801 1238 3878 alono,

190 3892 239 3951 ubi
252 3892 400 3968 leguntur,
422 3889 518 3963 alieni,
538 3888 641 3951 instdsi
660 3899 748 3968 atque
767 3899 848 3950 amm
837 3889 1014 3950 verborum
1032 3910 1169 3954 mensura
1188 3915 1241 3956 ca-

113 4034 117 4041 .
188 3993 298 4043 rentes.
337 3975 385 4046 Ut
398 3981 436 4041 de
450 3990 632 4062 argumento,
647 3980 728 4060 quod
739 3979 836 4041 verbis
857 3981 1032 4054 continetur,
1054 3982 1181 4063 primum
1193 3986 1239 4047 lo·

189 4096 270 4155 quar,
290 4075 436 4136 sententia
452 4094 512 4134 non
524 4073 613 4132 modo
632 4072 718 4132 nimis
730 4072 800 4133 trita
812 4084 868 4144 eat,
882 4073 936 4135 ae'd
953 4073 1042 4134 etiam
1062 4075 1170 4152 omnis,
1180 4094 1244 4159 qno

190 4178 280 4246 poeta
293 4169 335 4228 uti
349 4168 487 4239 debebat,
498 4165 602 4226 coloris
611 4184 728 4245 expers.
761 4164 906 4244 ¹Quisquis
919 4164 968 4226 ilia
980 4165 1111 4242 luerit-,a
1122 4178 1184 4251 qno
1190 4168 1253 4235 br

189 4259 272 4321 locus
286 4260 362 4322 male
376 4269 529 4331 tractatus,
543 4258 575 4318 in
588 4277 671 4320 suam
684 4256 879 4320 conditionem
888 4257 978 4320 vertit
988 4244 1364 4664 tras-F
