2872 4972
228 353 273 419 ⁷2
474 352 514 417 C.
538 341 768 420 VALERII
798 350 1039 420 CATULLI

313 535 533 615 confutuere,
555 544 590 602 et
604 544 724 623 putare
746 543 876 603 ceteros
891 538 1020 605 hircos?

311 647 380 731 An,
393 648 606 712 continenter
619 646 712 735 quod
732 646 856 713 sedetis
881 646 999 714 insulsi

313 759 469 835 Centum,
491 765 549 822 eut
560 757 708 840 ducenti,
723 779 791 823 non
804 758 931 844 putetis
947 780 1104 825 ausurum

312 867 373 934 Me
389 890 456 933 una
472 867 632 932 ducentos
647 867 816 934 inrnmare
834 875 999 935 sessores?

314 978 423 1066 Atqui
446 985 579 1066 putate:
603 999 746 1066 namque
757 978 861 1044 totius
877 980 971 1046 robis
1066 1019 1067 1023 =

310 1089 472 1155 Frontem
485 1090 634 1155 tabernae
648 1088 851 1176 scipionibus
867 1090 1019 1156 scribam.

310 1200 437 1267 Puella
448 1222 524 1266 uam
547 1222 632 1284 mea,
647 1221 723 1286 quae
739 1222 812 1265 meo
828 1202 903 1266 sinu
915 1202 1011 1290 fugit,

309 1311 433 1378 Amata
448 1317 589 1392 tantum,
605 1317 767 1395 quantum
782 1312 949 1378 amabitur
963 1311 1068 1395 nulia,

231 1508 235 1512 Α
310 1420 383 1488 Pro
398 1442 465 1508 qua
480 1419 560 1485 mihi
577 1427 655 1484 sunt
669 1442 789 1507 magna
803 1422 895 1486 bella
914 1413 1075 1509 pugnata,

235 1518 240 1524 ’
309 1531 472 1598 Consedit
487 1531 575 1595 istic.
620 1531 719 1597 Hane
733 1531 812 1597 boni
827 1533 986 1618 beatique

307 1642 433 1708 Omnes
449 1641 585 1706 amatis:
602 1647 637 1704 et
650 1640 799 1728 quidem,
812 1642 903 1730 quod
918 1642 1089 1731 indignum
1106 1628 1167 1722 est,
1240 1645 1280 1707 15

306 1753 432 1818 Omnes
449 1750 577 1839 pusilii,
593 1759 628 1817 et
644 1751 806 1817 semitarii
822 1753 961 1832 moecbi;

306 1863 364 1931 Tu
378 1871 503 1952 praeter
517 1882 632 1928 omnes
648 1883 715 1928 une
730 1861 771 1926 de
785 1861 952 1949 capillatis

242 2006 292 2089 ,10.
309 2000 438 2079 Sopipnibru
449 2004 524 2076 tentet
539 2000 647 2077 Vossius,
663 2000 702 2078 coi
716 2001 813 2077 septenes
826 2000 926 2048 extincti
942 2007 983 2049 eut
997 2001 1068 2065 sopiti
1085 2005 1198 2053 corbones
1213 2013 1276 2061 suot,

220 2066 922 2194 <agrippPaulam}sprffltxlzovseilnffignippznssibusdam
935 2131 1107 2179 vetustioribus.
1125 2135 1172 2179 Sed
1181 2135 1278 2181 Mureto

218 2205 243 2246 et
253 2197 339 2245 Vossio
350 2195 425 2255 magis
436 2194 523 2242 arridet
539 2201 607 2243 retus
622 2195 702 2248 lectio,
717 2210 785 2256 quarn
802 2195 928 2255 praeferunt
941 2194 996 2242 iibri
1012 2203 1104 2244 veteres
1119 2197 1174 2245 Ald.
1192 2200 1278 2246 Venet.

218 2262 302 2311 Puella
312 2277 365 2308 nom
380 2261 504 2321 modoque
522 2275 567 2306 meo
581 2262 633 2307 sinu
640 2259 726 2322 fugin
747 2265 849 2307 nostram
867 2259 989 2306 lectionem
1005 2261 1119 2308 debemus
1135 2263 1218 2318 Statio,
1236 2263 1276 2322 qui

217 2327 324 2374 omnibus
340 2325 364 2371 in
380 2324 471 2371 MSSC.
488 2324 608 2370 invenerat
621 2325 697 2384 puelia
709 2340 761 2371 nom
778 2339 812 2370 me
829 2339 876 2386 que
893 2339 953 2371 meo:
969 2325 993 2369 in
1010 2340 1056 2372 uno
1073 2334 1149 2372 autem
1166 2343 1213 2388 qne
1230 2343 1277 2374 meo

217 2394 297 2438 eursu
307 2387 386 2454 fugit.
405 2389 471 2436 Edit.
489 2388 521 2435 R.
540 2405 588 2450 quc
604 2402 616 2435 e
633 2403 680 2436 meo
694 2391 755 2445 unu,
775 2389 818 2437 sed
834 2387 1011 2449 prepositiones
1030 2405 1093 2452 saepe
1112 2392 1175 2452 apud
1195 2392 1278 2466 peetus¹

216 2456 375 2518 negliguntur.

250 2523 290 2568 13.
308 2518 375 2566 Belia
383 2525 476 2578 patrato
487 2517 601 2578 Scaliger,
611 2518 723 2578 probante
735 2517 766 2564 N.
778 2516 880 2564 Heinsio
888 2515 912 2563 iu
923 2518 980 2564 Not.
993 2517 1023 2563 ud
1035 2518 1122 2568 catull.

250 2586 291 2633 15.
309 2584 397 2630 Versus
406 2590 529 2642 sequentes
545 2581 605 2628 mole
621 2582 645 2628 in
662 2583 805 2629 editionibus
820 2582 959 2643 quibusdam
975 2584 1075 2644 antiquis
1087 2584 1143 2631 sede
1162 2599 1203 2632 sua
1219 2584 1277 2632 moti

216 2649 339 2698 trebuetur
350 2649 378 2694 nd
391 2663 483 2694 onrmen
493 2647 635 2708 proximum,
647 2662 746 2706 quocum
757 2647 827 2708 piane
838 2663 882 2693 non
895 2648 1028 2706 cobserent.

216 2749 602 2817 Tyrtaeump.143.-ooutirtenter,
611 2749 670 2796 naob
679 2749 722 2795 der

217 2825 305 2881 Reihe,
322 2823 386 2870 einer
403 2821 459 2868 nacb
478 2821 531 2867 dem
547 2822 647 2878 andern;
675 2837 721 2868 uno

219 2897 286 2960 quasi
307 2894 388 2942 ordine
410 2899 435 2939 et
454 2899 543 2940 tenore.
583 2893 623 2941 Sic
643 2893 721 2941 Graeoi

215 2963 720 3035 carpentur-me,tetcecentumautuu-

216 3044 399 3098 oenti,uumerus
406 3038 521 3085 rotundus
528 3053 571 3099 pro
583 3039 671 3086 multis.
682 3041 719 3086 irt-

216 3129 317 3171 rumare,
328 3110 397 3161 docoi
408 3111 521 3176 pendere,
527 3125 573 3156 nou
583 3125 674 3167 curare,
684 3112 720 3158 in·

213 3187 278 3250 J'uria
292 3187 417 3233 lacessere.
435 3184 466 3230 os.
483 3184 513 3229 ad
524 3183 601 3230 Carni.
613 3184 718 3231 XXIX.

217 3264 258 3309 10.
269 3265 294 3307 et
304 3259 339 3306 X.
352 3261 393 3305 12.
421 3255 533 3303 Dilucide
543 3262 621 3302 autom
631 3271 662 3303 ex
673 3257 719 3303 hoo

213 3332 269 3381 iooo
285 3337 384 3394 apparet
394 3327 420 3377 ri
430 3331 547 3376 intremere
561 3343 607 3375 uon
623 3328 719 3390 proprIa

215 3403 384 3467 significatione
403 3400 565 3462 accipiendum
584 3415 647 3456 esse,
665 3417 717 3446 oum

216 3476 296 3524 statim
307 3474 403 3522 additur
411 3487 506 3535 nomque
515 3473 584 3519 totius
592 3471 718 3536 vobisfron·

213 3555 258 3597 tem
277 3548 373 3596 tatone
389 3545 521 3606 scipionibus
540 3544 642 3600 scribam,
659 3545 682 3591 b.
695 3559 717 3591 e.

213 3620 287 3668 totius
295 3620 395 3668 tabernae
404 3617 473 3666 fronti
481 3617 509 3680 [i.
518 3634 539 3664 e.
547 3625 656 3664 extrorme
665 3631 719 3679 per·

213 3691 245 3757 ti]
258 3691 345 3754 tingitis
355 3699 436 3751 vestra
452 3689 589 3746 inscribam,
602 3694 629 3736 nt
640 3689 716 3750 pelam

213 3763 272 3811 tiant
293 3770 318 3810 et
339 3763 369 3810 ab
391 3763 499 3809 omuibus
520 3760 717 3824 pretereuntibus

214 3842 392 3899 cognoscantur.
426 3837 489 3883 Non'
501 3849 555 3881 raro
576 3833 646 3888 enim,
665 3848 720 3880 orr-⁴

213 3908 313 3956 boribus
323 3907 482 3971 praecipue,in
491 3907 576 3954 rodium
586 3906 676 3952 toribus
685 3908 716 3954 ab

212 3981 315 4030 inimicis
338 3982 414 4029 notari
435 3981 586 4044 evulgonque
608 3979 716 4026 solebant

212 4055 331 4102 bominum
342 4052 407 4101 vitia.
418 4053 581 4101 Plent.Merc.
593 4051 627 4098 11.
639 4053 663 4099 3.
674 4053 715 4100 74.

213 4121 358 4188 impleantur
367 4142 418 4174 mee
424 4125 487 4189 fores
498 4127 619 4190 etogium
637 4120 716 4172 =corbo-

211 4200 277 4247 nem
283 4216 292 4258 ‚·
310 4192 352 4246 nbi
362 4199 412 4247 vid.
422 4197 547 4261 interpret.
557 4197 716 4245 bino'carbone

772 2748 821 2795 Iuru
831 2747 967 2795 semiustum
975 2754 1056 2796 notare
1063 2748 1166 2807 ridetur,
1175 2767 1221 2812 qno
1231 2753 1277 2799 Ior-

772 2827 836 2868 tesse
858 2837 886 2869 eo
905 2817 1006 2868 consitio
1023 2824 1072 2882 jem
1095 2824 1203 2871 carbonis
1220 2824 1274 2872 loco

773 2909 858 2941 usurus
869 2899 927 2949 erat,
939 2899 965 2940 ut
976 2910 1004 2942 eo
1015 2893 1093 2942 altiori
1103 2896 1166 2951 ioco,
1176 2896 1217 2943 ubi
1228 2896 1276 2943 nou'

771 2966 840 3013 focile
860 2965 935 3013 deleri
954 2972 1043 3026 posset,
1066 2967 1217 3015 criminosam
1239 2969 1274 3015 in·

771 3037 920 3100 scriptionem
933 3038 1172 3100 appingeret—vobis,
1181 3040 1206 3086 in
1217 3030 1275 3088 ves·⁴

769 3114 828 3156 tram
840 3110 1010 3158 contumetiam.

803 3186 842 3229 12.
860 3182 942 3229 Amntu
963 3190 1024 3230 tout.
1042 3191 1114 3244 quant
1132 3184 1204 3230 amab.
1232 3184 1275 3232 Sic'

770 3269 835 3315 supr.
848 3255 925 3302 Oarm.
938 3255 1009 3301 VIII.
1021 3258 1045 3304 5.
1271 3248 1274 3263 '

778 3327 781 3330 ’
803 3330 908 3375 13-17.
936 3325 983 3375 Pro
999 3343 1043 3388 que
1054 3326 1111 3374 mibi
1121 3338 1175 3376 scrut
1191 3346 1275 3396 mogun

768 3399 789 3446 b.
799 3415 872 3461 pugn.
885 3399 908 3446 h.
920 3415 942 3446 e.
953 3399 983 3446 de
994 3414 1041 3459 quu
1052 3415 1141 3462 magnae
1152 3403 1209 3448 mihi
1220 3421 1273 3451 com

768 3471 882 3519 rivalibus
901 3471 1012 3519 excitutae
1033 3480 1087 3520 sunt
1108 3473 1171 3521 lites.
1190 3476 1273 3523 betium

767 3559 870 3608 pugnare
884 3543 974 3592 dietum
992 3550 1029 3592 est
1045 3553 1071 3593 nt
1087 3562 1190 3610 pugnam
1209 3565 1271 3612 pug-

767 3616 830 3674 nare,
846 3617 928 3664 bellum
947 3616 1028 3665 bettore
1047 3623 1151 3666 oet.14.
1176 3622 1273 3669 consedit

766 3689 824 3744 istic,
840 3690 919 3736 sedem
937 3689 1056 3751 propriam
1073 3691 1140 3752 qnasi
1159 3692 1194 3739 ibi
1211 3693 1271 3740 fixit.

767 3759 825 3807 bono
836 3761 886 3808 boni
897 3761 1005 3824 beatique,
1022 3763 1098 3824 qualis
1110 3763 1218 3812 nimirum
1230 3766 1272 3812 bo·

767 3834 829 3880 nitas
848 3840 873 3881 et
891 3832 1013 3880 beatitudo
1032 3835 1096 3883 cadit
1111 3835 1139 3882 in
1158 3835 1272 3895 homines,

767 3903 807 3966 qui
816 3920 840 3953 r.
848 3908 888 3954 16.
895 3910 1010 3953 vocantur
1018 3908 1096 3968 pusitii
1105 3907 1140 3971 [b.
1148 3922 1169 3954 e.
1177 3909 1272 3968 objecti,

766 3977 853 4041 impuri
872 3975 1016 4044 μικρόψυχοι,
1034 3979 1098 4040 apud
1116 3979 1218 4027 Murtial.
1234 3982 1270 4030 II.

767 4054 807 4098 10.
817 4055 840 4099 t.
850 4051 945 4112 persidos
955 4053 1083 4113 opponitur
1093 4051 1159 4116 delio]
1172 4057 1196 4098 et
1205 4056 1270 4101 umi-

767 4124 822 4170 tarii
842 4122 920 4170 moecbi
941 4124 1089 4171 meretricum
1115 4120 1272 4173 diobolarium'

767 4203 905 4243 sectatores.
1132 4207 1134 4211 ’
1153 4206 1155 4210 ”
1270 4208 1272 4215 ’

211 4277 292 4319 notme
307 4278 344 4319 est
361 4271 526 4334 perstringere.
543 4271 603 4318 Hor.
618 4272 666 4318 Sat.
679 4268 720 4317 ΙΙ.
799 4270 839 4315 17.
851 4283 901 4328 sqq.
923 4265 980 4323 Une,
997 4267 1026 4314 ed
1039 4265 1106 4316 usuris
1117 4267 1187 4331 hujus
1198 4268 1271 4318 roos-¹

213 4342 306 4395 91248.
337 4343 413 4406 Scipio
428 4343 500 4406 igitur
518 4343 627 4392 hocloco
641 4341 719 4391 baoii'·‘
766 4340 811 4390 tivi
822 4341 967 4405 probandum
978 4343 1040 4390 buno
1049 4341 1126 4404 ipsum
1137 4344 1221 4392 Nostri
1232 4343 1270 4393 loa
