2872 4972
244 359 381 434 VITA
403 361 443 431 0.
465 362 701 434 vinnan
731 360 985 432 O'ATULLI.
1072 362 1161 431 xxix

106 584 114 591 ·
145 548 286 617 emsa
298 547 424 616 litteris
442 546 512 616 non
526 550 648 617 leviter
662 549 826 616 imbutum
841 549 955 633 fuisse,
970 568 1015 617 ex
1029 570 1073 615 eo
1092 546 1165 614 eol·

104 647 167 736 llgi
179 656 307 735 potest,
318 647 415 737 quod
430 649 658 715 suavissimam
674 649 761 714 oden
777 649 919 735 poe‘trisa
946 649 1103 736 Sapphus
1125 654 1163 712 et

101 743 304 810 Callimachi
317 744 461 832 elegiam
476 746 623 811 deeoma
639 745 833 827 Berenices,
849 745 1076 811 mundissimis
1088 766 1163 810 ean

105 841 251 908 minibus
263 842 369 908 latine
381 842 582 910 reddiderit:
606 843 810 909 obidetiam
824 842 995 909 fortassee
1007 842 1163 928 Tibullo,

105 939 245 1022 ovidio,
260 938 423 1005 Martiale
446 942 557 1006 doctus
581 941 787 1028 appellatus.
834 940 880 1007 Et
894 939 1021 1007 ideireo
1044 940 1163 1006 mirum

105 1034 217 1101 videri
240 1036 352 1120 debet,
377 1034 512 1101 dulium
529 1037 749 1123 Scaligerum,
772 1058 813 1103 ea
838 1037 947 1102 virum
962 1037 1164 1119 eruditione,

107 1133 269 1223 quodque
283 1154 354 1200 non
376 1133 548 1199 minimum
557 1143 625 1217 est,
641 1134 881 1213 veronensem,
896 1132 1043 1221 ideoque
1056 1134 1164 1200 muni·

103 1231 174 1319 pipi
190 1253 252 1297 suo
264 1231 385 1297 saltem
399 1231 464 1297 boe
488 1232 626 1298 nomine
649 1232 853 1314 devinctum,
875 1232 946 1298 bne
969 1231 1011 1297 de
1035 1230 1164 1299 Catullo

106 1329 331 1395 monumentis
353 1327 582 1395 mandavisses
608 1329 739 1396 Catullo
759 1329 848 1397 doeti
872 1351 986 1396 nomen
1007 1333 1165 1418 quomis

105 1419 303 1512 abantiquis
325 1428 525 1509 attributum,
552 1449 654 1515 neque
678 1429 769 1514 apud
789 1429 871 1493 altos
897 1432 1048 1514 comperi,
1063 1416 1167 1517 aeque

107 1527 185 1591 dum
199 1527 235 1590 ia
248 1535 383 1591 mentem
397 1527 484 1590 venit
504 1527 586 1590 mitt
592 1553 609 1606 ,·
631 1527 715 1592 nibil
726 1529 808 1592 enim
833 1546 896 1592 non
916 1527 1052 1615 vulgare
1069 1538 1116 1594 est
1130 1532 1165 1597 iu

107 1623 176 1706 qius
202 1620 332 1688 tarsae
386 1620 597 1709 Quamquam
623 1631 741 1711 postea
769 1632 897 1691 mutato
926 1626 1079 1711 consilio,
1103 1627 1165 1715 qui

108 1741 180 1789 mos
191 1727 244 1785 est
255 1717 393 1801 bomini,
408 1718 600 1806 παλινῳδίαν
613 1742 734 1786 canere
748 1730 901 1810 cogatur,
915 1722 1166 1791 Galliambieum

107 1821 182 1905 ejus
193 1838 329 1883 carmen
341 1817 485 1881 divim
498 1825 688 1902 autumans,
700 1828 734 1884 et
746 1841 865 1906 poema
874 1821 916 1886 de
925 1821 1052 1909 nuptiis
1063 1820 1165 1889 Pelei

107 1935 149 1980 ae
163 1911 342 1995 Thetidos,
358 1935 475 1979 verum
490 1915 619 1980 aditum
635 1923 671 1982 et
685 1916 827 2003 gradum
842 1917 884 1982 ad
898 1917 1065 1984 AEneidos
1080 1919 1165 1986 divi·

109 2011 249 2077 nitatem
264 2032 336 2083 esse
352 2012 586 2097 pronuntians.
632 2012 760 2079 Nonne
781 2014 991 2101 probabilius
1008 2013 1051 2081 de
1065 2020 1164 2104 nugis

109 2109 219 2198 polite
233 2108 341 2194 nostri
355 2107 534 2176 Cornelius
547 2111 680 2198 Nepos,
697 2113 750 2177 vir
764 2111 992 2198 gravissimus,
997 2113 1164 2200 judicium

108 2205 338 2288 tuleraaeum
353 2227 412 2270 eas
427 2223 490 2272 esse
502 2208 628 2296 aliquid
642 2211 804 2296 putabat?
828 2210 953 2276 Nonne
976 2211 1165 2298 benignius,

110 2304 283 2393 etjustius
296 2325 370 2368 eum
386 2305 461 2392 ipso
487 2327 588 2392 egere
604 2306 790 2394 Pompeius
805 2307 998 2391 Saturnius,
1020 2331 1059 2377 ac
1082 2309 1167 2377 San·

61 2491 64 2497 Ι
112 2403 180 2468 tius
194 2401 406 2489 Augurinus,
422 2424 565 2491 quorum
581 2402 735 2492 uterque,
760 2412 847 2471 teste
863 2406 979 2471 Plinio
994 2408 1027 2471 in
1044 2409 1167 2496 episto-

109 2499 189 2584 list
219 2497 408 2565 Catulliani
433 2502 591 2567 carminis
614 2501 833 2568 imitationem
859 2503 921 2568 sibi
951 2504 1069 2591 gloriae
1093 2507 1165 2572 fora

110 2598 377 2685 augurabantur.
421 2597 489 2663 Sed
504 2599 575 2664 haeo
588 2599 693 2665 alias:
716 2620 805 2664 nnnc
821 2600 865 2681 id,
880 2601 971 2686 quod
995 2603 1166 2689 coepimus,

112 2715 262 2783 agamru.
305 2694 555 2774 Quinctilianus
571 2703 606 2762 et
622 2696 805 2763 Diomedes
830 2698 918 2764 inter
937 2700 1053 2785 po'e'tas
1079 2698 1167 2764 Iam·

112 2796 203 2862 bicos
220 2794 386 2860 Catullum
399 2804 580 2882 reponunt.
625 2797 717 2861 Ante
729 2795 909 2861 Horatium
925 2797 1074 2883 profecto
1087 2798 1168 2862 iam·
1245 2862 1249 2874 .

112 2894 197 2959 bieis
211 2893 364 2958 versibus
382 2893 524 2980 gloriam
550 2892 697 2959 Catullus
722 2892 864 2980 adeptus
884 2894 1010 2973 suerat,
1030 2902 1066 2959 ut
1081 2893 1167 2960 falso

113 2988 289 3079 scripserit
305 2990 467 3056 Horatius
482 2989 579 3079 epist.
595 2990 646 3056 19.
660 2987 719 3056 lib.
737 2991 765 3054 1.

327 3193 433 3207 --
452 3166 552 3220 Parios
563 3163 833 3237 egopvimastmta

327 3246 437 3301 Ostendi
447 3248 527 3301 latia
543 3274 651 3288 ---

116 3360 342 3452 Hieronymus
357 3364 489 3452 Lyrieis
504 3364 722 3434 adnumerat:
745 3362 882 3452 reliqui,
902 3363 1169 3453 Epigrammata-

115 3465 265 3553 graphis.
310 3465 386 3552 Ego
400 3485 492 3549 vero,
507 3465 535 3530 si
562 3465 662 3530 modo
676 3465 729 3531 fas
754 3473 811 3530 est
834 3485 940 3528 meam
968 3467 1170 3532 sententiam

118 3562 262 3650 aperire,
290 3560 394 3628 variis
420 3563 532 3650 potius
559 3562 801 3651 adjungerem
825 3581 900 3626 nam
916 3575 1005 3629 certe
1030 3563 1065 3628 in
1096 3567 1169 3652 ejus

117 3660 281 3747 poematis
292 3658 457 3725 nonnulla
469 3659 637 3726 excedunt
647 3659 908 3748 Epigrammatis
921 3659 1068 3726 modum.
1089 3663 1172 3728 Am·

116 3757 330 3847 bigiturjure
344 3776 367 3821 a
380 3757 563 3840 nonnullis,
579 3766 692 3822 utrum
705 3758 776 3823 baee
790 3756 897 3821 solum
924 3758 1080 3844 paucula,
1095 3780 1171 3846 quaa

117 3854 219 3922 bodie
230 3862 376 3935 exstant,
386 3853 429 3919 ab
440 3854 502 3919 illo
517 3854 641 3942 scripta
649 3855 784 3939 suerint,
800 3875 843 3921 an
856 3876 935 3920 vero
949 3854 1049 3941 longe
1059 3856 1170 3943 plura,

117 3956 359 4041 quassetustus
384 3952 482 4018 nobis
496 3952 688 4038 invideritss
731 3953 859 4020 Ansam
881 3952 924 4018 ad
949 3951 1169 4021 dubitandum

150 4126 168 4156 ⁸
183 4125 401 4188 laitypsreriuoo,
419 4141 461 4174 sau
469 4126 513 4174 lib.
521 4129 545 4176 6.
563 4140 621 4188 poe·
669 4125 758 4174 tullisd
769 4125 1074 4186 noslaberumpervenisss.
1091 4127 1172 4189 longo

120 4199 191 4255 tices,
202 4215 224 4246 o.
235 4202 259 4247 6.
669 4198 732 4246 eninr
741 4200 810 4260 plura
821 4199 944 4260 seripsisse
956 4204 1028 4245 testes
1041 4205 1095 4245 sunt
1108 4207 1173 4246 rete·

151 4276 163 4324 t
175 4272 229 4318 bib.
239 4276 262 4318 1.
276 4270 350 4331 epist.
364 4274 401 4319 16.
411 4271 453 4318 lib.
464 4276 480 4318 4
505 4271 622 4332 epist-tt.
670 4285 710 4317 ros
722 4272 882 4327 Grammatiei,
892 4271 931 4331 qui
943 4272 974 4316 de
989 4274 1040 4331 eJ'ns
1050 4272 1174 4331 poematiis

151 4349 164 4402 t
181 4343 343 4394 Dubitandum
351 4345 567 4407 ninimeest,opns
577 4346 623 4394 co·
671 4358 700 4391 ss
711 4344 851 4406 produeuut,
866 4359 918 4404 quse
927 4343 996 4390 badis
1007 4357 1053 4390 aaa
1070 4347 1173 4389 exuant.

1090 4443 1429 4672 Α,
