2872 4972
511 383 750 457 CARMEN
782 383 928 449 LXlV,
1178 376 1244 446 lta

494 667 755 755 clausu
783 619 950 751 ¹Lirrv.

194 837 283 920 Cum
304 858 374 931 hoc,
398 857 476 940 quod
489 856 628 939 sequitur,
653 877 771 918 carmen
785 857 924 928 omnium,
949 877 1016 936 quas
1035 856 1186 918 aCatullo
1205 857 1245 919 ad

191 971 246 1012 nos
259 964 466 1032 pervenerunt,
486 953 686 1031 longissimum
704 950 790 1009 sitae
805 949 1041 1028 pulcherrimum,
1064 970 1124 1009 non
1138 949 1190 1010 abs
1212 971 1246 1011 re
1337 1024 1340 1028 ι

193 1044 320 1104 alienum
342 1064 408 1105 esse
429 1055 565 1124 putamus
587 1043 673 1122 paulo
696 1041 814 1101 liberius
830 1041 957 1120 evagari,
980 1041 1133 1121 atquibus
1153 1041 1248 1103 lector

193 1139 360 1198 monendus
382 1158 446 1198 esse
461 1138 587 1208 videtur,
607 1136 656 1196 hic
680 1136 710 1194 in
730 1156 818 1195 unum
834 1135 942 1206 locum,
959 1135 1141 1215 praefationis
1155 1156 1248 1211 more,

194 1249 367 1310 congerere.
408 1229 606 1310 Dispiciamus
619 1227 744 1307 primum
759 1227 797 1286 de
813 1226 876 1306 ipso
897 1227 983 1304 hujus
1003 1228 1139 1288 carminis
1159 1247 1248 1309 argu·

194 1334 304 1394 mento,
327 1322 430 1400 inquo
445 1322 564 1402 quidem
579 1321 744 1380 enarrando
764 1319 807 1379 ita
823 1320 905 1380 nobis
919 1318 1144 1392 versariliceat,
1165 1331 1249 1382 ntea

194 1415 290 1487 simul,
314 1435 381 1496 quae
400 1415 439 1474 ad
459 1413 709 1494 pulchritudinem
728 1413 814 1491 hujus
829 1412 964 1472 carminis
978 1413 1032 1471 rite
1047 1413 1249 1473 aestimandam

190 1508 338 1587 pertinere
352 1508 497 1578 videntur,
510 1507 618 1587 passim
631 1506 853 1585 adspergamus,
866 1518 897 1566 et
910 1506 948 1565 ad
962 1505 1174 1565 observandam
1188 1507 1248 1566 sin·

195 1600 330 1679 gularem
344 1601 432 1680 plane
446 1610 550 1671 artem,
571 1620 630 1679 qua
644 1599 673 1658 in
687 1599 806 1658 diversis
820 1599 924 1658 fabulis
938 1599 1014 1658 inter
1026 1619 1059 1658 se
1073 1611 1254 1677 connecten-⁴

197 1693 242 1753 di's
254 1714 323 1754 usus
338 1695 376 1753 sit
389 1696 478 1773 po'e'ta
489 1692 719 1762 venustissimus,
736 1691 858 1770 digitum
872 1693 1066 1751 intendamus·

238 1786 493 1858 Orditur10arinen
507 1788 544 1846 ab
563 1787 803 1864 Argonautarum
819 1785 1019 1864 expeditione.
1040 1785 1196 1857 Nereides,
1211 1787 1250 1847 ob

196 1879 379 1940 insolentiam
395 1879 462 1939 novi
477 1879 584 1957 navigii
603 1878 798 1937 admiratione
816 1879 967 1958 perculsae,
984 1879 1081 1938 subito
1096 1891 1252 1959 emergunt

199 1993 236 2031 ex
250 1993 377 2052 aequore,
390 1972 554 2052 Thetisque
569 1983 599 2030 et
620 1971 727 2030 Peleus
752 1982 853 2029 mutuo
873 1991 973 2031 amore
996 1972 1219 2032 accendamus·
1242 2007 1251 2018 ·

199 2065 278 2124 Mox
292 2065 401 2145 nuptiae
416 2073 602 2144 apparantur,
624 2063 763 2122 sternitur
777 2062 871 2122 lectus
887 2063 1018 2142 genialis,
1041 2075 1072 2122 et
1094 2064 1185 2122 totius
1204 2084 1251 2125 ra·

199 2157 293 2236 gionis
306 2157 410 2216 incolae
427 2156 598 2236 nuptialem,
620 2167 653 2214 nt
672 2155 716 2226 fit,
740 2167 911 2236 apparatum
928 2155 1098 2235 spectaturi,
1121 2155 1251 2239 undique
1335 2206 1342 2216 .

200 2250 361 2311 confluunt.
401 2248 537 2328 Inprimis
551 2249 743 2308 admiratione
766 2268 817 2307 eos
833 2248 948 2309 defixos
970 2259 1053 2308 tenet
1065 2249 1155 2308 vestis
1173 2251 1254 2311 lecto

201 2342 308 2422 geniali
322 2342 369 2402 vel
383 2342 524 2422 pulvinari
539 2341 670 2413 instrata,
685 2344 758 2400 mira
771 2353 835 2401 arte
849 2342 989 2401 confecta
1003 2353 1033 2401 et
1046 2341 1148 2420 priscis
1161 2343 1254 2404 horni-

201 2451 270 2494 num
284 2435 396 2495 variata
409 2434 624 2514 figuris—Hic
638 2446 743 2513 sponte
754 2435 920 2494 accuratius
933 2435 991 2493 hoc
1004 2435 1176 2514 peristroma
1188 2439 1255 2506 ζωιι.1

201 2534 253 2589 τὸν
266 2549 326 2588 una
339 2514 405 2588 cum
416 2528 599 2589 adstantibus
613 2527 806 2608 perlustrandi
820 2529 850 2586 in
865 2529 961 2587 animo
975 2528 1093 2588 lectoris
1106 2531 1255 2591 suboritur

203 2622 366 2701 cupiditas3
388 2622 436 2687 cui
451 2622 569 2701 quidem
584 2632 616 2679 ut
637 2621 819 2680 satisfaceret
833 2625 930 2700 poe'ta,
954 2621 1122 2700 exemplum
1141 2643 1254 2698 eorum,

203 2715 252 2794 qui
267 2713 409 2791 ejusmodi
421 2726 604 2793 argumenta,
619 2713 748 2773 vestibus
762 2715 809 2772 val
830 2714 893 2773 aliis
908 2714 995 2773 rebus
1017 2715 1141 2786 intexta,
1162 2716 1255 2779 fusius

204 2827 352 2889 exponere
375 2820 406 2868 et
419 2807 550 2867 verbosis
572 2807 815 2886 descriptionibus
840 2826 984 2865 exornare
1004 2806 1109 2879 solent,
1134 2819 1255 2870 secutus

205 2913 260 2963 est.
303 2902 366 2982 [Sic
384 2901 502 2962 Jasonis
523 2899 719 2980 chlamydem,
744 2899 871 2959 Palladis
887 2900 1005 2969 donum,
1026 2899 1181 2978 magnifice
1203 2901 1255 2962 de·

204 2994 306 3055 scribit
317 2993 455 3074 Apollon.
471 2993 569 3052 Rhod.
585 2992 611 3051 Ι.
626 2996 779 3056 rao-65.
796 2991 834 3050 cf.
849 2992 958 3071 Heyne
973 2992 1011 3051 ad
1020 2991 1123 3071 Virgil.
1139 2993 1206 3053 AEn.
1217 2993 1255 3052 V'

204 3091 356 3151 aso-57.
378 3087 506 3150 Excurs.
521 3085 576 3145 lv.
596 3106 627 3164 p.
643 3083 842 3164 saal-tam
862 3084 941 3163 finge
964 3085 1025 3156 tibi,
1049 3085 1166 3156 adstare
1187 3086 1256 3149 huic

206 3182 344 3257 ἐξηγητὴν
358 3179 505 3259 quendam
525 3178 572 3237 vel
595 3178 796 3257 interpretem,
822 3177 871 3259 qui
892 3179 1012 3258 populo,
1032 3178 1104 3240 mira
1118 3180 1257 3242 aviditate

206 3275 270 3333 haec
285 3273 382 3333 omnia
395 3273 488 3332 oculis
501 3285 532 3332 et
543 3271 639 3332 animo
654 3271 736 3352 quasi
751 3271 912 3343 devoranti,
922 3292 982 3334 non
992 3273 1086 3332 solum
1107 3295 1179 3353 quas
1193 3287 1259 3335 tex·

206 3377 273 3426 tura
294 3366 416 3426 exhibet
428 3365 537 3444 figuras
552 3376 582 3424 et
596 3364 720 3433 fabulas,
742 3364 796 3422 sed
818 3363 995 3443 singularum
1010 3364 1097 3424 etiam
1112 3386 1213 3427 causas
1228 3378 1259 3428 et

208 3470 330 3518 eventus
345 3458 493 3529 declaret;
516 3471 546 3517 et
559 3457 626 3516 hinc
641 3455 844 3536 explicandum
866 3477 975 3517 censeo
989 3457 1061 3516 illud
1064 3459 1176 3540 ferant,
1194 3481 1259 3536 per·

208 3554 307 3623 libent,
322 3562 352 3611 et
364 3552 396 3610 id
415 3572 508 3631 genus
522 3552 589 3623 alia,
602 3571 668 3630 quae
680 3550 787 3629 passim
801 3550 831 3607 in
845 3550 901 3608 hac
915 3551 1079 3610 narratione
1091 3563 1258 3613 occurrunt.

208 3645 436 3723 —Conspicitur
449 3656 547 3704 autern
560 3645 591 3702 in
605 3645 655 3704 illa
668 3654 750 3703 veste
773 3641 903 3721 straguld
922 3644 1048 3722 primurn
1064 3645 1221 3718 Ariadnes,
1242 3665 1260 3706 e

210 3737 289 3796 Naxi
302 3738 413 3814 littore,
422 3732 478 3796 'ubi
492 3737 542 3796 illa
556 3738 676 3797 deserta
689 3748 760 3807 erat,
777 3736 925 3814 Theseum
941 3737 969 3793 in
983 3737 1053 3815 fuga
1068 3757 1085 3796 e
1099 3737 1260 3819 longinquo

211 3830 304 3891 oculis
319 3829 535 3910 persequentis,
557 3831 677 3909 egregie
698 3829 869 3888 adumbrata
889 3828 998 3906 imago.
1039 3829 1152 3888 Misera
1164 3830 1264 3909 puella

209 3925 240 3983 in
253 3924 303 3983 illo
315 3922 379 4004 ipso
393 3923 532 4001 temporis
546 3923 679 3993 articulo,
695 3942 753 4000 quo
767 3921 890 4000 primum
901 3939 1003 3980 somno
1017 3921 1118 3981 excita
1131 3940 1163 3982 se
1176 3924 1263 3985 relic·

208 4033 270 4080 tam
284 4017 383 4087 sentit,
398 4015 491 4075 oculis
507 4016 536 4074 in
556 4026 660 4075 navem
676 4015 784 4074 Thesei
804 4013 898 4094 plenis
912 4014 984 4072 velis
1003 4015 1168 4074 avolantem
1190 4037 1262 4077 con·

207 4111 295 4187 jectis
309 4130 392 4171 saecu
405 4117 437 4166 st
451 4102 549 4186 effigies
564 4109 719 4167 bacchamis
732 4107 884 4187 prospicit,
908 4107 1001 4167 haeret
1022 4109 1146 4169 attonita
1167 4120 1198 4169 et
1219 4111 1263 4170 in-

212 4204 293 4282 genti
317 4222 453 4263 curarum
471 4213 546 4261 oestu
560 4201 817 4271 fluctuat-Jam,
836 4201 860 4259 si
875 4201 1081 4271 observaveris,
1097 4222 1262 4265 sermonem

213 4295 262 4361 bic
276 4317 342 4360 csse
356 4297 395 4364 de
410 4295 533 4378 pictura,
549 4294 578 4354 iu
592 4314 661 4376 qua,
677 4305 709 4354 ut
721 4294 864 4382 praeclara
879 4293 908 4353 in
918 4295 1071 4356 Laocoonte
1084 4295 1182 4361 docuit
1198 4299 1263 4361 Les.
