2872 4972
351 352 1104 429 oue.m1tvnu10otusclt.tutcm.
1203 353 1257 421 at

198 537 288 600 derue
308 537 341 599 iu
369 542 477 618 queruli
499 543 624 617 pomis
650 543 793 604 mutanda
819 547 974 624 perperam
1000 539 1124 611 cenauit,
1147 536 1258 599 Catulli

197 633 408 713 auatpropria,
427 644 461 694 ut
478 638 539 712 jem
550 634 673 697 monuit
687 636 830 714 Vomiua'
844 635 904 713 th
917 635 1011 696 'LllL¹
1023 639 1073 698 6οε
1089 631 1192 694 xvia
1208 633 1257 694 te.

197 724 333 799 Accedit,
348 727 429 807 quod
442 727 528 789 torta·
532 728 968 807 Jnuianoutolumaccmicia
969 725 1258 790 sedetiamabaliia

193 819 293 895 poetis
305 827 373 879 ιιιιιι
384 821 425 880 ita
434 821 604 894 decantata,
619 823 847 903 utinterpolaiio
856 821 1021 898 maiestati
1031 820 1192 903 pomeria
1187 817 1257 878 vt.
1268 836 1273 841 ·

195 909 286 972 Ovid.
292 911 428 972 Heroid.
442 912 529 972 mvl.
543 918 615 976 289.
636 915 773 997 Propett.
784 915 829 974 11
839 916 930 976 aa
1002 911 1029 940 ³
1033 956 1048 968 1·

191 1040 194 1044 -
226 1002 365 1063 Carmen
377 1023 459 1078 vero,
474 1005 512 1064 de
525 1026 586 1084 quo
598 1006 712 1086 loquuti
731 1007 841 1079 sumuu',
863 1005 1017 1085 ejusmodi
1024 948 1257 1083 corruptionibtu

194 1095 344 1159 turbatum
363 1116 438 1168 ease,
457 1097 517 1156 alii
539 1098 608 1159 leci
620 1099 822 1179 comprobant.
855 1099 901 1158 lu
921 1097 1080 1172 (lodicibus
1097 1093 1258 1166 nuntiauit,

194 1206 270 1265 quoa
283 1187 444 1248 nominavit
457 1187 625 1264 Santeniua
640 1210 702 1252 uun
703 1191 832 1271 legitur
837 1209 880 1287 ιι.
888 1189 998 1289 .·471ιι
1006 1186 1150 1269 plmuitia
1156 1184 1255 1264 adjee

194 1288 266 1381 tutu
268 1281 374 1340 eetvel
389 1280 513 1341 Senecae
522 1284 814 1363 supplementum,
888 1295 891 1303 “
1152 1324 1155 1329 Δ

378 1411 381 1418 Ι
447 1447 563 1496 Omnibus
574 1453 599 1496 et
609 1447 687 1498 triviis
697 1449 809 1512 vulgetur
818 1448 896 1500 sabula
906 1447 995 1512 potuim
1002 1463 1015 1493 ι

194 1584 241 1642 vel
255 1583 330 1645 alius
343 1594 565 1665 poetoeteraus,
611 1588 632 1617 '-

414 1700 572 1791 (lnuibue
564 1759 636 1807 mque
646 1743 705 1792 locia
716 1696 847 1798 calebietur
857 1743 916 1790 tama
924 1739 1022 1802 aepulti.

194 1883 278 1954 Male
288 1892 376 1953 cessit
389 1911 480 1972 opera
492 1893 538 1951 his
553 1892 659 1973 poetis,
670 1896 720 1951 et
707 1911 774 1971 Jure
785 1893 897 1970 ejectus
908 1902 954 1950 est
965 1909 1092 1950 verausa
1096 1881 1254 1976 scaligero

192 1995 333 2077 tanquam
348 1984 479 2057 Marulli,
495 1996 547 2045 aut
558 1985 695 2057 Pontem
711 1994 763 2045 aut
772 1983 892 2045 Guanm
905 1994 1113 2043 commentum
1145 1983 1252 2062 Neque

192 2068 291 2169 tamen
300 2076 458 2139 meliorest
471 2096 574 2138 versus
591 2077 705 2136 minor:

457 2209 619 2308 Noteteatque
630 2244 704 2309 magia
714 2251 819 2294 mortuus
829 2253 899 2306 atque
910 2243 994 2306 magis,
1048 2300 1050 2305 Ι
1069 2256 1073 2261 ·

192 2427 281 2487 quem
298 2428 359 2469 non
371 2409 473 2488 maJ‘uri
485 2428 539 2470 auo
552 2427 639 2471 verau
652 2407 836 2481 destitutum,
850 2407 940 2467 immo
959 2407 1057 2487 ipsum
1075 2423 1193 2486 quoque
1214 2404 1252 2466 ab

189 2500 398 2580 interpolatore
413 2503 564 2579 adjectum
580 2502 751 2581 putaverim.
793 2499 984 2561 Mirabilis-in
997 2519 1037 2560 ec
1047 2499 1177 2560 cernitur
1190 2499 1252 2560 leci

189 2591 276 2651 tionis
289 2594 425 2653 varietas.
468 2594 624 2654 Gudianus
643 2613 719 2653 unus
732 2581 831 2653 codex
845 2593 938 2652 habet
950 2594 1167 2675 incestaeque,
1182 2589 1252 2650 Leit

189 2684 288 2744 dentis
315 2703 394 2747 unus
420 2686 584 2764 mittitque,
609 2685 714 2763 reliqui
745 2690 921 2764 notescatque
929 2709 943 2756 ‚-
967 2685 1106 2744 Muretus
1140 2683 1251 2768 allegat

188 2782 382 2858 clamoreque.
405 2781 538 2848 ‘Quodsi
555 2781 635 2840 hunc
658 2784 786 2852 versum,
810 2781 859 2859 qui
883 2797 1059 2861 quocunque
1081 2779 1142 2859 alio
1161 2780 1250 2838 'verta

188 2878 393 2951 conjungatur,
406 2884 475 2953 post
495 2874 587 2932 verba
604 2891 653 2932 oea
661 2888 747 2950 pono
761 2872 1083 2932 dicitemaltt‘eMt'ltibut
1096 2880 1156 2932 etc.
1170 2888 1251 2948 mag-

187 2983 297 3043 nopere
312 2966 465 3043 languere,
481 2976 512 3024 et
529 2983 588 3023 non
602 2964 658 3024 niti
672 2963 860 3043 explicationi
873 2963 921 3024 vel
936 2963 1022 3022 simili
1036 2963 1189 3023 sententia
1202 2965 1247 3022 in-

187 3057 299 3116 servire
311 3056 436 3128 videtur,
458 3075 576 3116 mecum
597 3055 751 3132 abjeceris,
774 3055 936 3116 orationem
957 3055 1081 3115 hebebis
1101 3055 1248 3134 integram

187 3169 223 3208 ec
235 3151 314 3209 bene
328 3168 444 3209 nexam.
479 3151 550 3217 Quo
559 3149 642 3209 facto
654 3147 743 3208 etiam
755 3147 899 3208 Codicum
913 3147 1003 3208 lectio
1013 3166 1056 3208 va.
1069 3152 1120 3208 43.
1133 3168 1183 3207 acc
1195 3164 1248 3228 pro

186 3243 306 3321 vulgato
316 3263 350 3302 ae
361 3241 476 3303 restitui
490 3241 600 3303 debet:
625 3258 694 3323 nam
707 3239 751 3300 ita
763 3241 921 3320 loquuntur
932 3238 1044 3300 Latini.
1052 3280 1056 3287 ·
1064 3239 1101 3300 In
1114 3241 1248 3320 margine

143 3414 145 3418 Α
185 3335 350 3414 adscriptus
368 3354 470 3395 versus
491 3333 618 3395 ascribe
634 3324 718 3393 nimis
739 3333 842 3394 sedulo
860 3333 894 3392 in
914 3342 1028 3393 textum
1046 3331 1248 3415 facilepotuit
1268 3321 1272 3326 ”

185 3428 288 3507 recipi,
302 3428 350 3487 cui
367 3429 491 3499 Seneca,
502 3439 539 3488 ιιι
548 3427 685 3489 lacunam
698 3426 768 3487 inde
780 3437 874 3488 ortam
882 3425 1023 3508 repleret,
1032 3445 1117 3486 suum
1128 3427 1246 3487 versum

185 3519 314 3597 adjecit;
341 3520 424 3600 quod
437 3520 544 3581 eodem
556 3520 647 3581 modo
657 3519 769 3580 facum
781 3519 915 3583 videmus
928 3519 958 3578 in
967 3520 1037 3579 loco
1051 3518 1160 3578 Tibulli
1175 3519 1201 3578 1.
1215 3523 1245 3579 2.

185 3625 306 3693 postve.
321 3618 372 3675 24.

227 3707 374 3786 Apertum
389 3704 555 3786 exemplum
568 3703 799 3785 interpolationis
811 3704 927 3766 insulae
941 3701 1087 3764 acutulae
1100 3703 1246 3783 reperitur

109 3818 111 3827 ·
183 3797 216 3857 in
234 3800 338 3859 ultima
356 3799 477 3878 stropha
490 3797 627 3859 carminis
639 3796 705 3870 L1.‚
720 3797 770 3858 cui
783 3796 901 3859 Lesbiae
914 3815 1022 3857 numen
1033 3794 1110 3856 falae
1122 3794 1244 3876 inscrip-i

184 3900 256 3949 tum.
297 3890 347 3964 lis,
363 3891 414 3969 qui
427 3890 554 3968 aliquem
566 3889 730 3950 litterarum
750 3899 840 3970 atque
858 3887 1047 3950 humanitatis
1059 3906 1178 3950 aeneum
1191 3889 1244 3949 ha·

92 4062 94 4066 Ι
114 4048 117 4052 ,
183 3983 265 4055 bent,
288 4002 348 4042 non
361 3982 460 4042 multis
474 3982 570 4042 verbis
583 3982 842 4043 demonstrandum
861 3994 916 4055 est,
932 4001 1019 4061 quam
1032 3981 1132 4061 inepta
1144 3980 1182 4041 ait
1195 3980 1246 4041 illa

184 4074 315 4154 stropha,
329 4095 445 4154 pannus
458 4075 488 4132 in
501 4093 632 4154 purpura
644 4075 768 4154 positus,
780 4085 814 4134 ut
831 4094 898 4134 cum
918 4074 1025 4134 Naevio
1041 4074 1163 4152 loquar3
1191 4086 1244 4134 eoa

183 4187 264 4241 vero,
275 4187 396 4248 quorum
408 4187 447 4228 ex
456 4187 543 4228 sensu
552 4168 680 4247 dignitas
690 4179 721 4228 et
732 4169 872 4246 majestas
883 4167 1056 4228 conciliatur
1066 4167 1122 4228 illia
1136 4165 1243 4227 additia

183 4260 325 4336 versibus,
345 4281 383 4321 ne
402 4261 572 4341 longissima
592 4262 714 4341 quidem
736 4261 868 4323 oratioue
887 4260 1009 4322 meliora
1033 4260 1134 4322 doceri
1154 4279 1241 4341 posse

1159 4479 1162 4483 ’
1224 4504 1368 4664 P
