2872 4972
487 358 491 373 ’
530 348 767 416 GARMEN
797 348 935 418 LXIV.
992 355 1002 362 ”
1197 349 1262 414 185

247 532 454 617 Procedunt,
470 531 540 599 leni
556 542 715 599 resonant
729 534 892 624 plangore
909 534 1063 603 cachinni
1075 557 1098 596 ε·

246 645 340 722 Post,
356 653 456 733 vento
470 651 654 732 crescente,
670 638 775 732 magis
793 645 900 733 magis
912 646 1158 730 increbescunt,
1193 643 1258 710 975

245 753 492 841 Purpureaque
507 753 623 841 procul
639 762 759 820 nautes
773 778 795 820 a
805 753 881 844 luce
896 756 1084 844 refulgent:

245 863 302 928 Sic
318 872 389 928 tum
405 864 564 952 vestibuli
579 864 772 951 linquentes
787 865 881 951 regia
896 864 997 952 tecta,
1031 869 1037 880 '

243 975 297 1040 Ad
312 999 347 1040 se
359 977 503 1064 quisque
518 996 607 1062 vago
621 976 744 1061 passim
761 977 847 1064 pede
863 977 1088 1044 discedebant.

243 1088 394 1167 Quorum
409 1094 487 1172 post
503 1085 642 1168 abitum,
658 1085 814 1173 princeps
829 1109 848 1151 e
863 1087 989 1153 vertice
1005 1091 1097 1156 Pelii

240 1198 391 1262 Advenit
406 1196 533 1261 Chiron
546 1204 684 1282 portans
701 1195 870 1262 silvestria
885 1197 984 1264 dona.
1188 1201 1253 1268 280

243 1308 335 1374 Nam
350 1308 700 1396 quotcunqueferuut
720 1309 841 1395 campi,
858 1331 941 1397 quos
956 1310 1136 1401 Thessala·

372 1440 501 1505 magnis

228 1563 283 1607 274.
301 1560 349 1605 Pro
361 1558 405 1604 lani
415 1555 498 1605 vitiose
508 1556 532 1604 in
544 1555 682 1618 quibusdem
694 1557 814 1611 tentanda
825 1556 893 1605 metri
901 1573 971 1605 causa
981 1557 1251 1623 leceruntleviterqus.-'

193 1640 238 1685 pro
247 1626 356 1687 plangore
368 1623 455 1669 mavult
467 1624 488 1670 I.
502 1624 582 1669 Donsa
593 1623 637 1669 pfl,
649 1623 763 1684 clangore,
775 1631 799 1670 et
810 1621 908 1683 Lennep.
919 1625 949 1670 ad
957 1624 1050 1672 coluth.
1062 1631 1149 1686 praeter
1159 1641 1252 1675 omnem

195 1689 357 1736 necessitatem
369 1689 439 1734 scribi
447 1687 516 1747 jubet
527 1687 613 1749 lenique
622 1695 709 1734 tonant.
736 1729 738 1732 .

227 1757 282 1800 276.
302 1753 467 1814 Purpureaeqne
476 1747 541 1815 (scil.
553 1750 633 1816 undas)
644 1751 745 1813 conjecit
758 1751 858 1801 burins.
870 1760 999 1813 pronuntea
1009 1753 1034 1801 in
1045 1753 1108 1813 aliis,
1118 1762 1144 1802 at
1151 1760 1254 1805 testatur·

194 1819 281 1865 Mutet.
290 1820 403 1864 voruntas
412 1818 468 1872 lnce,
479 1832 526 1886 uon
533 1817 593 1863 male
602 1816 619 1863 !‘
689 1825 693 1832 '
1093 1832 1094 1836 ¹

226 1886 283 1994 {dh
299 1883 446 2008 grihthhhtpue
456 1947 480 1993 iu
490 1945 636 2007 quibusdam,
645 1960 688 2006 pro
699 1960 745 2006 quo
752 1946 818 1995 malit
828 1946 928 1996 laudus
938 1961 1085 2012 pwacunpns.

227 2078 284 2122 ²⁷4·
307 2073 365 2158 huf
391 2072 584 2159 ''³⁸⁰'ll'lf'n3m
608 2072 697 2120 ‘min'
781 2094 911 2160 Etmugia
930 2099 1024 2160 mugit
1040 2093 1249 2148 inclamamus.

193 2149 264 2210 paulo
276 2147 388 2194 audacrus
405 2154 430 2193 et
448 2147 573 2194 sublimius
590 2161 633 2219 pro
645 2145 696 2192 rul-

194 2223 244 2285 gari
260 2221 368 2268 “leuiter
384 2227 534 2282 perstrepunt
554 2228 578 2268 et
593 2236 696 2267 murmu·
747 2218 783 2265 sio
800 2221 888 2280 μᾶλλον
906 2220 993 2280 piatas
1013 2219 1076 2279 apud
1093 2219 1197 2268 Grecos.
1215 2221 1248 2270 ci.

192 2292 425 2343 rant.”—cachinnus
435 2294 517 2341 audaci
525 2294 658 2355 metaphora
665 2294 695 2340 ad
747 2290 890 2353 Oudendorp.
903 2293 933 2338 ad
942 2291 1036 2354 Apulei.
1046 2293 1103 2341 Met.
1112 2294 1147 2340 11.
1158 2311 1183 2356 p.
1189 2300 1246 2344 170.

192 2369 305 2415 nudarum
316 2366 430 2427 quendam
448 2367 573 2427 strepitum
592 2368 623 2414 ab
641 2366 694 2412 aliis
778 2367 834 2414 276.
852 2364 1024 2422 Nautes,undae
1046 2381 1074 2412 se
1093 2367 1208 2427 agitantes
1222 2375 1247 2418 et

192 2457 284 2501 quoque
295 2439 371 2502 poetis
383 2438 508 2486 translatas
521 2445 565 2487 est.
601 2438 693 2486 Lauda·
744 2437 918 2498 provolventes.
934 2437 1050 2502 rp‘ulgcnt
1062 2455 1077 2485 o
1096 2439 1144 2486 luce
1158 2455 1247 2502 purpu-

192 2520 245 2560 ruut
257 2515 305 2573 jam
324 2513 466 2570 Interpretes
484 2509 601 2559 Theocrit.
621 2510 693 2572 Idyll.
743 2507 962 2571 r·eo,repercussum
972 2509 1085 2572 purpurei
1100 2512 1245 2577 solisspleu-

192 2588 236 2633 VI.
247 2591 284 2633 tu.
294 2583 387 2646 κύματα
393 2583 471 2646 Eraga
479 2582 628 2647 καχλάζοντα.
651 2584 693 2633 Sic
743 2581 824 2628 dorem
836 2583 1117 2630 reddunt-adumbrare
1133 2592 1210 2632 autem
1221 2592 1246 2634 et

191 2657 301 2719 γέλασμα
320 2656 382 2717 apud
400 2656 506 2717 AEschyl.
525 2658 600 2702 Prom.
614 2656 691 2704 Vinct.
742 2653 839 2702 innuere
851 2656 944 2703 videtur
962 2656 1013 2702 haec
1027 2657 1105 2717 imago
1121 2657 1244 2706 disceden-

191 2737 231 2781 90.
250 2731 289 2777 ubi
302 2729 350 2777 vid.
365 2728 390 2775 St
445 2727 579 2774 'ue—adde
591 2729 693 2790 Oppian.
742 2734 788 2783 tes,
800 2727 856 2774 etin
867 2728 1171 2790 variisviisetregionihus,
1183 2732 1244 2781 uude

92 2801 95 2806 ⁴
191 2804 297 2851 Halieut.
309 2802 381 2848 1v.s
417 2799 483 2846 abi
501 2800 601 2862 κύματος
616 2800 692 2861 γέλως.
743 2801 892 2862 elonginquo
902 2800 1010 2863 conspici
1021 2808 1126 2863 possent,
1138 2811 1244 2854 cutem.

191 2878 223 2924 Et
233 2877 266 2922 sic
276 2873 344 2936 γελᾷν
355 2874 384 2919 de
396 2871 444 2920 leui
456 2873 567 2920 undarum
575 2889 691 2923 murmura
742 2872 784 2918 tim
796 2879 935 2934 apparentes
945 2872 1075 2920 Thessalia
1085 2875 1182 2924 incolas.

190 2951 227 2995 vel
250 2947 316 2996 molli
335 2959 413 2992 carum
437 2945 563 3005 agitatione
594 2948 690 3008 passim.
774 2947 832 2992 277.
852 2944 960 2993 Vestihuli
977 2947 1040 3009 regio
1057 2951 1116 2992 tecto
1136 2949 1243 3010 exquiri-⁴

189 3023 245 3069 Huc
256 3018 360 3081 pertinet
375 3017 494 3083 Leonidas
503 3018 655 3067 Alexandria.
666 3021 691 3068 iu
741 3017 787 3064 tior
797 3019 878 3074 forma,
885 3033 929 3079 pro
946 3024 962 3047 ‘⁴
973 3017 1242 3084 restibulumreglorum

188 3094 255 3142 Auel.
268 3094 322 3139 Vet.
339 3090 408 3138 Poiit.
425 3093 502 3138 Graeo.
521 3093 625 3140 Bruuck.
642 3095 691 3156 Ep.
740 3089 880 3138 tectorum.”
1075 3148 1076 3153 ¹
1172 3125 1174 3129 -

188 3165 314 3214 xxvnt.
332 3165 399 3210 Tem.
412 3164 448 3210 11.
458 3179 483 3224 p.
498 3166 553 3212 196.
570 3165 610 3212 ubi
621 3166 689 3214 simul
773 3167 829 3212 278.
845 3164 884 3212 Ad
893 3180 923 3220 se,
933 3164 957 3211 h.
970 3165 1092 3213 adonium
1106 3165 1198 3231 (ua.)
1212 3175 1240 3217 ut

188 3240 304 3301 Zephyrus
322 3235 455 3300 bonitiacos
471 3236 531 3285 inv.
545 3240 602 3286 271.
622 3238 690 3288 illus·
740 3253 801 3300 saepe
820 3239 883 3299 apud
901 3236 1017 3286 Comicus.
1027 3240 1118 3300 parum,
1128 3240 1152 3287 iu
1168 3241 1241 3290 variis

188 3319 269 3360 tratur.
739 3318 763 3357 et
780 3310 880 3358 diversis
894 3311 954 3369 viis;
970 3311 1083 3359 disertius
1094 3313 1138 3361 hoo
1149 3315 1239 3364 denua

185 3431 245 3481 'Onl'
256 3432 275 3480 ri
291 3447 330 3495 μοι
346 3429 445 3492 ysaiam
464 3430 631 3497 καταστορέσαι
646 3443 687 3481 ra·
738 3384 855 3446 bulum
865 3383 1044 3433 Curmxhw.
1057 3389 1098 3434 ω’

284 3505 332 3552 aisn
375 3526 378 3533 ·
772 3502 908 3567 Longcpuos
917 3505 984 3552 simut
999 3507 1087 3552 adorno
1095 3504 1206 3570 prosector

218 3577 324 3641 κύματα,
341 3575 379 3622 sal
389 3578 493 3637 μαλακὴν
503 3576 568 3641 φρῖκα
579 3574 637 3638 pigot
646 3576 686 3625 zi·
770 3575 862 3623 Diverce
871 3578 1125 3638 maiouiereportont.
1235 3573 1240 3587 ’

283 3660 351 3714 ivl*
769 3673 825 3720 279.
843 3670 958 3733 Princeps,
969 3672 1178 3734 pseusennes
1189 3674 1238 3741 Pes

186 3750 263 3795 Suave
271 3751 349 3791 autern
360 3750 384 3790 et
392 3744 520 3805 J'ucunduur
529 3743 687 3793 cachinnantis
737 3742 771 3798 lii,
784 3743 813 3788 ad
823 3743 907 3804 pedem
919 3759 1002 3805 nempe
1013 3744 1099 3792 montis
1111 3747 1183 3804 Pelii,
1195 3751 1235 3797 ubi

185 3835 251 3881 aquae
269 3815 493 3863 murmurantibus.
526 3816 590 3863 Hinc
602 3815 687 3879 μειδιᾶν
735 3814 855 3864 habitabat
865 3817 962 3874 Chiron,
971 3819 1093 3866 celebratae
1103 3819 1236 3870 laetantis·

183 3897 223 3947 τῆς
253 3889 373 3941 θαλάσσης
396 3890 528 3948 narrarint
552 3888 687 3954 χαριέστερον
736 3894 767 3933 1ae
775 3889 872 3950 nuptias,
884 3889 1023 3938 observante
1036 3892 1127 3938 Vossio.

185 3966 248 4026 apud
259 3962 421 4022 Alciphr.Ill.
434 3962 480 4023 Ep.
491 3963 514 4009 1.
532 3963 571 4009 uhi
587 3964 617 4009 ol.
631 3962 685 4010 Ber·
768 3960 826 4008 280.
844 3959 947 4012 Chiron..
959 3966 1010 4009 erat
1029 3963 1123 4019 Chiron,
1139 3964 1195 4013 dum
1212 3966 1236 4015 in

182 4036 320 4102 glemased
332 4035 686 4096 videquoslaudatAbreachins
736 4032 805 4079 terris
825 4033 918 4092 agebat,
939 4034 1028 4096 quippe
1048 4035 1147 4082 Saturno
1169 4046 1236 4098 patre

184 4111 213 4157 ad
226 4107 333 4170 Hesych.
342 4107 407 4155 Tum.
421 4108 443 4154 I.
456 4123 480 4168 p.
491 4109 563 4154 1167.
675 4150 677 4153 ,
735 4112 871 4167 prognatus,
882 4106 1018 4155 immortalis
1029 4125 1035 4166 3
1052 4107 1101 4160 dria
1111 4109 1137 4156 br
1148 4111 1237 4162 dieitur

217 4183 273 4230 275.
292 4180 367 4244 Magis
382 4182 462 4245 magis,
483 4180 512 4227 ad
535 4196 585 4227 rem
601 4195 685 4242 eugen·
734 4179 847 4225 Luciauo.
857 4178 919 4226 Dial.
931 4179 1004 4230 Most.
1014 4178 1112 4228 XXVI.
1130 4184 1170 4230 ubi
1182 4202 1235 4234 eru·

186 4256 238 4301 dam
251 4255 300 4301 sine
321 4255 412 4315 copula.
445 4253 486 4302 Sic
504 4269 575 4315 supra
585 4254 686 4303 Carmen
734 4250 1109 4314 ditamdechironelegenotam
1123 4254 1232 4308 Henato-

143 4330 145 4334 '
185 4326 375 4375 xxxvnua.
595 4380 599 4385 ,
664 4384 666 4387 ¹
734 4323 794 4370 hasii
804 4338 828 4386 p.
838 4325 960 4373 lde-ci.
972 4324 1043 4372 Voss.
1053 4325 1081 4372 ad
1093 4326 1116 4377 h.
1128 4328 1145 4376 l.
