2872 4972
514 348 747 420 cannen
778 302 916 420 xnv..
954 392 986 414 .-
1036 349 1040 354 ·

1191 349 1237 417 86

218 560 221 569 ·
311 539 448 606 Tenens
463 536 499 603 in
512 534 1027 626 gremio,v1uea,ainquis,·aeme‚
1041 545 1056 599 .’

313 648 361 714 Ni
377 657 410 714 te
425 647 556 737 perdite
571 669 660 731 amo,
674 653 778 735 atque
792 652 907 713 amare
919 666 1022 734 porro
1083 704 1085 709 .

312 760 438 826 Omnes
459 780 531 824 snm
547 757 832 844 assidueparatus
847 778 965 841 anuos,

313 872 483 951 Quantum
500 868 558 957 qui
572 875 652 958 pote
663 867 847 956 plurimum
861 868 991 957 perire:
1025 877 1050 935 “,
1080 875 1082 878 ’
1213 868 1235 934 5

313 981 414 1048 Solus
430 981 465 1046 in
477 981 599 1066 Libya,
615 977 756 1046 lndiave
771 984 876 1062 tosta,=

315 1092 424 1159 Caesio
439 1091 581 1158 veniam
592 1091 711 1158 obvius
726 1089 848 1159 Leoni.

309 1204 387 1270 Hoc
402 1212 439 1271 ut
455 1201 552 1286 dixit,
562 1203 681 1285 Amor,
700 1199 867 1268 sinistram
878 1206 921 1267 ut
932 1208 1022 1285 ante,

313 1316 481 1381 Dextram
502 1312 645 1380 sternuit
667 1310 955 1399 approbationem.
1013 1343 1017 1349 ·

216 1517 240 1565 5.
253 1516 311 1570 Quoi
326 1523 376 1576 pote
386 1514 410 1561 in
420 1530 492 1576 marg.
503 1515 556 1564 libr.
569 1516 632 1563 Bibl.
644 1514 762 1566 Bodleian.
780 1516 859 1563 Oson.
930 1571 934 1574 ᾖ

216 1587 240 1630 8.
253 1582 347 1628 Sinistra
355 1588 442 1627 utente
451 1579 535 1628 Dextra
542 1582 637 1627 sternuit
643 1579 797 1639 approbatione
808 1577 897 1626 Maso.
906 1578 1041 1626 ierebmnee
1050 1583 1074 1626 ot
1083 1575 1151 1626 editt.
1160 1584 1235 1627 veter.

185 1661 228 1694 neo
240 1646 317 1700 video,
328 1659 370 1690 our
381 1661 425 1690 non
436 1645 469 1691 ite
480 1644 544 1705 loqui
560 1644 664 1704 potuerit
678 1642 799 1708 Catullus:
816 1649 919 1690 nostram*
927 1643 1050 1690 lectionem
1061 1642 1173 1705 produxit
1183 1646 1237 1692 Sta·

183 1710 230 1758 tius
239 1727 270 1757 ex
282 1709 353 1756 Msc.
370 1709 483 1755 Patauino
494 1707 660 1755 altero.-'-Hoa
667 1715 695 1752 ot
704 1706 763 1753 dixit
771 1706 840 1754 Aruer
849 1707 937 1753 sinister
946 1716 1005 1762 onte,
1018 1704 1126 1754 Dextram
1139 1709 1238 1756 sternuit

183 1776 361 1836 adprobationem
371 1774 480 1828 Vossius,
489 1773 560 1834 quiin
572 1772 709 1834 quibnadam
718 1770 784 1820 libris
791 1771 1044 1818 inveneretsa'aistraate
1052 1780 1112 1820 ante.
1145 1773 1237 1822 Ceteris

184 1839 291 1887 lectionis
298 1837 407 1886 monstris
419 1838 571 1900 futilibusque
579 1835 729 1886 recensendis
738 1834 878 1896 conjecturis
887 1836 989 1883 chartam
999 1837 1098 1898 perdere
1107 1838 1170 1886 nolo.

185 2009 401 2052 commemorentur.
422 2007 447 2050 7.
462 2003 524 2050 casio
539 2003 595 2050 leon.
606 1999 632 2049 ed
646 2015 688 2050 eoe·
737 2000 855 2048 nutatione
878 2005 1004 2062 augurator
1019 2000 1136 2062 Penelope
1150 2002 1237 2063 Odyas.

185 2079 231 2126 sius
250 2075 310 2124 male
327 2076 398 2137 vulgo
414 2074 536 2137 explicent
555 2074 585 2121 de
605 2075 688 2137 glauco
738 2075 822 2123 xvir.
845 2074 902 2123 545.
934 2073 974 2122 Sio
993 2075 1023 2121 de
1044 2075 1154 2122 Menelao
1175 2076 1238 2139 apud

186 2150 260 2198 leonis
270 2150 357 2197 colore.
369 2149 415 2195 imo
426 2149 504 2196 cauus
513 2147 551 2195 leo
563 2146 633 2209 plane
643 2152 688 2204 eat,
738 2146 1046 2214 Theoartt.1d5n.xvffl.
1057 2150 1097 2195 16.

188 2223 228 2286 qni
238 2223 344 2270 Homero
359 2221 429 2270 Iliad.
447 2221 510 2269 XX.
529 2223 584 2270 172.
602 2220 688 2270 dicitur

185 2293 302 2360 γλαυκιόων
310 2294 334 2341 b.
344 2312 366 2343 e.
376 2294 466 2345 vultmn
474 2295 630 2344 trnoulentum
639 2309 688 2358 pree

186 2388 213 2420 ae
224 2372 309 2424 terens,
320 2369 375 2428 quia
385 2367 445 2415 oonli
456 2367 522 2415 carsii
533 2369 689 2418 trnoulentum

96 2491 99 2495 .
186 2444 297 2506 quiddam
307 2447 332 2487 et
342 2440 446 2489 terribile
455 2441 548 2489 babent.
580 2442 609 2489 In
620 2459 689 2504 quarn

187 2517 324 2567 sententiam
334 2521 399 2563 recte
413 2515 483 2563 etiem
500 2515 631 2576 explicetur
642 2517 689 2564 Mi·

187 2605 259 2639 nerva
268 2588 404 2648 γλαυκῶπις.
415 2587 465 2635 vid.
478 2586 642 2636 Hemsterbus.
659 2589 689 2636 ed

187 2666 246 2711 Luc.
257 2663 285 2708 T.
299 2663 320 2710 l.
337 2675 361 2720 p.
373 2662 430 2707 226.
443 2665 467 2707 et
481 2659 564 2707 Heina.
576 2659 605 2706 nd
617 2660 689 2708 Ouid.

187 2737 239 2784 Art.
257 2734 311 2781 Am.
329 2733 365 2780 11.
386 2733 443 2782 659.
470 2732 594 2781 'l'erribilis
611 2741 694 2781 eutem-

187 2808 261 2857 leonis
272 2808 352 2854 vultus
363 2807 436 2852 multo
453 2804 547 2867 grauius
559 2822 627 2866 quern
639 2808 691 2868 eJ'os

190 2881 254 2930 color
265 2880 294 2925 ab
305 2879 412 2925 Homero
424 2885 449 2924 et
464 2876 517 2926 aliis
527 2879 603 2939 poeria
613 2879 638 2926 in
647 2880 690 2925 sd·

185 2951 275 3019 junctis
284 2948 386 3011 exprimi
397 2950 466 2998 solet.
484 2949 549 2997 Hine
560 2949 691 3012 epularier

189 3027 258 3076 lliad.
268 3024 367 3072 XVlll.
376 3024 432 3072 5⁷9.
439 3021 535 3085 χιςοπός
546 3023 633 3084 Odyss.
640 3023 688 3070 XI.

189 3103 245 3149 610.
254 3095 421 3145 oboicsoeaiam
430 3111 463 3142 so.
474 3101 543 3142 utms
551 3095 690 3142 sceleratum

188 3168 464 3234 etperlidnmdiacsrpat.
488 3168 689 3215 Sceleratosenim

188 3243 307 3308 precipue
319 3256 332 3287 a
342 3240 398 3287 ieris
415 3240 474 3301 peti,
485 3239 590 3301 volgaris
600 3241 690 3288 berebet

188 3325 294 3364 veterum
305 3311 392 3374 opinio.
410 3312 474 3360 Hinc
484 3313 568 3360 Haut.
576 3313 690 3376 integrum

186 3391 236 3437 cita
256 3386 384 3446 ueterisque
397 3400 481 3447 purum
503 3400 529 3431 se
550 3384 690 3448 predicans,

188 3467 273 3521 sponte
285 3471 308 3504 se
322 3457 429 3506 imorem
445 3457 523 3518 lupum
535 3460 560 3505 ia
576 3458 633 3504 siloa
649 3456 690 3506 Sa·

188 3533 241 3579 bina
245 3529 336 3595 fugiat
345 3529 409 3577 canit
419 3528 467 3578 Od.
480 3531 500 3576 l.
511 3532 551 3578 22.
564 3533 588 3579 9.
599 3546 650 3592 sqq.

222 3609 246 3652 8.
266 3602 314 3649 Hoc
334 3610 362 3648 ut
381 3602 447 3657 uuir,
466 3601 518 3649 Aru.
535 3602 579 3648 sio.
597 3609 627 3649 ot
643 3609 690 3651 oet.

190 3677 279 3722 Sensus
295 3682 347 3724 est:
365 3674 394 3720 ab
413 3673 459 3721 boo
477 3681 582 3734 tempore
604 3678 629 3721 et
645 3675 691 3722 boo

189 3746 275 3795 amoris
285 3744 420 3794 declarandi
440 3745 509 3793 modo
529 3745 609 3793 fauere
620 3745 692 3808 erepit

189 3822 262 3868 Amor
280 3817 389 3881 Septimii
405 3823 430 3865 et
449 3818 534 3866 Aomes
552 3821 635 3876 amori,
652 3819 690 3866 oui

188 3890 693 3942 soteaminusiavererisuseat-Stermrers

189 3968 259 4013 desta
270 3964 360 4025 opprob.
368 3969 404 4010 est
414 3977 481 4009 omen
488 3963 598 4019 tanetum,
608 3963 692 4012 dabir.

189 4053 254 4099 appr.
265 4052 332 4084 omen
344 4036 469 4083 infaustum
481 4036 621 4096 sternuendo
631 4052 691 4098 prse-

190 4110 277 4157 dioere.
311 4109 497 4156 Sternutamenta
507 4107 568 4155 enim
576 4112 625 4169 jam
632 4110 691 4157 anti.

189 4182 308 4243 quissimis
319 4181 464 4243 temporibus
474 4181 504 4228 ed
517 4183 577 4229 bons
587 4183 692 4245 auspicia

189 4255 330 4316 pertinuisse
350 4261 447 4318 apparet
458 4271 498 4312 ‚ex
518 4255 632 4313 Homero,
649 4256 690 4304 nbi

190 4331 288 4378 tanatum
304 4335 412 4378 eventurn
432 4345 464 4377 ea
483 4327 615 4380 Telemachi
631 4337 691 4379 ater·

735 2233 812 2285 'obire
828 2235 921 2298 ydpssp',
946 2233 1033 2296 siradio
1050 2252 1086 2292 aar
1106 2231 1239 2305 iwimapsr

837 2308 989 2374 ipxepisprcs

771 2381 958 2445 ’Bczrrsigraa-

740 2471 805 2520 Hino
830 2470 935 2534 vulgaris
956 2470 1006 2527 ille,
1026 2483 1074 2532 qua
1094 2475 1239 2528 soernnentes

739 2544 801 2606 apud
813 2550 904 2591 veteres
921 2542 1106 2607 excipiebantur,
1126 2543 1241 2593 cantilena

740 2616 860 2681 (siricus.
892 2617 1038 2664 'l'renslatmu
1049 2616 1169 2677 igiturest
1184 2623 1246 2665 teo-2

738 2703 808 2738 eruere
818 2690 872 2736 inde
884 2690 913 2736 ab
932 2687 1063 2736 bominibus
1075 2689 1113 2736 sel
1125 2688 1154 2735 ad
1167 2691 1241 2746 Deos,

739 2761 780 2825 qni
802 2763 887 2823 coeplis
906 2760 1004 2823 propitii
1020 2761 1137 2816 adessent,
1153 2761 1240 2823 pracci-

738 2850 785 2897 pue
805 2834 835 2882 ad
851 2838 968 2890 Amorem,
981 2834 1105 2880 amantium
1124 2833 1185 2881 votis
1197 2835 1240 2889 obe

740 2907 906 2955 secundantem
920 2908 1019 2953 ‘l'beocm
1039 2904 1110 2966 Idyll.
1126 2905 1245 2955 vl1.96.'

740 2977 849 3042 Σιμιχιδᾳ
859 2976 902 3039 μὴ
913 2977 1005 3042 'oporte
1014 2974 1146 3042 laimrapor.
1180 2978 1240 3024 Pro·

738 3057 799 3114 pert.
807 3052 841 3098 11.
851 3054 875 3099 3.
885 3053 926 3100 24.

739 3148 803 3199 Nom
813 3150 856 3198 tibi
866 3151 964 3198 aasuati
973 3149 1059 3212 primis,
1069 3163 1117 3196 meo
1127 3151 1182 3207 oua,
1192 3149 1240 3200 ab&

836 3222 876 3269 bus

771 3296 975 3358 Aurrosargotum
985 3295 1082 3342 sternuit
1092 3309 1153 3343 ooseu
1162 3297 1239 3346 Anar-

740 3384 779 3431 rel
798 3384 828 3431 ad
849 3383 907 3432 alias
928 3383 982 3432 boni
1004 3383 1088 3432 ominis
1105 3400 1153 3441 res,
1171 3386 1247 3434 verbi·

739 3471 811 3505 oaoaa
821 3458 851 3505 ad
863 3457 1014 3519 crepitantem
1032 3458 1132 3504 lucerne
1151 3458 1238 3506 atrida-

739 3544 787 3576 rem
798 3530 861 3590 apud
882 3530 955 3578 Ouid.
974 3529 1072 3577 Heroid.
1092 3529 1247 3581 xlmam

740 3600 793 3648 ride
805 3602 829 3647 in
839 3601 898 3648 bano
907 3617 957 3649 rem
968 3602 1111 3662 Interpretes
1130 3604 1161 3649 ad
1170 3602 1238 3652 loces

738 3674 853 3731 laudatos,
862 3673 982 3737 proeoipue
996 3675 1123 3722 Burmann.
1134 3676 1188 3723 Sea.
1207 3676 1240 3724 ad

738 3748 815 3795 locum
837 3748 944 3810 Propert.
964 3755 989 3794 et
1005 3762 1065 3808 quos
1083 3741 1163 3795 laudat
1181 3750 1247 3798 Pe.

739 3823 864 3869 Burmann.
884 3822 914 3868 ad
924 3819 998 3868 Ouid.
1012 3819 1030 3869 l.
1050 3835 1072 3868 o.
1084 3821 1248 3875 Memorabile·

739 3900 815 3942 autem
826 3901 864 3941 est
875 3894 989 3940 monstro
1005 3892 1068 3948 loco,
1084 3893 1147 3953 qnod
1165 3894 1250 3942 aaron

739 3967 852 4014 sinistram
872 3982 963 4028 quoque
982 3965 1157 4026 approbationem
1178 3973 1247 4016 ster-³

739 4038 818 4085 nuiase
833 4037 936 4096 dicitnr3
954 4037 1013 4086 unde
1024 4052 1069 4084 non
1080 4037 1186 4085 adbona
1201 4054 1240 4087 ao·

739 4112 796 4180 lum,
814 4112 856 4158 sed
875 4109 945 4158 etiam
965 4111 992 4157 ad
1010 4109 1240 4160 malaominareleta

738 4183 811 4231 inisse
828 4190 1007 4231 sternutamenta
1024 4190 1088 4230 reate
1105 4183 1184 4246 colligi
1196 4201 1247 4246 po·-

740 4263 795 4313 test,
824 4259 887 4319 quod
915 4256 1008 4318 egregie
1028 4257 1147 4304 confirmet
1171 4258 1240 4306 loona

739 4328 843 4380 Frontin.
851 4330 952 4392 sutas.
963 4329 984 4377 l.
997 4345 1018 4378 o.
1028 4331 1070 4376 12.
1078 4328 1099 4392 §.
1109 4333 1149 4378 11.
