2872 4972
183 356 240 418 viii
560 347 867 416 PRAEFATIO.

183 523 293 589 studia
314 523 473 611 graviora
496 528 530 585 ct
557 520 728 586 severiora
751 516 963 600 lectitandos,
982 516 1101 605 quovis
1120 516 1235 582 incita·

183 644 296 699 mento
317 635 507 698 allexerunt
528 641 563 697 et
585 631 778 696 incitarunt.
808 628 960 708 Quorum
975 628 1123 693 virorum
1136 648 1236 715 argu·

183 756 297 811 menta
311 746 375 809 nisi
391 743 601 810 satisfaciant
614 739 842 828 superciliosis
856 738 1055 826 quibusdam
1071 747 1108 805 et
1120 760 1237 827 super·

182 856 323 921 stitiosis
337 878 465 920 morum
479 857 688 937 censoribus,
705 877 768 944 per
782 876 836 919 me
849 852 932 918 licet
945 850 1121 918 Catullum
1135 861 1172 919 et
1183 872 1238 918 ce-

183 973 276 1030 teros
291 970 419 1052 politas,
434 988 519 1053 quos
535 976 656 1032 vocant
670 966 830 1046 lubricos,
851 985 913 1030 ceu
928 969 1056 1049 pestem
1069 961 1237 1028 detestan-

182 1076 243 1141 dos
257 1086 292 1141 et
304 1076 460 1141 Vulcano
475 1079 700 1165 potiusquam
710 1079 876 1164 juvenum
892 1072 1047 1140 manibus
1056 1070 1238 1139 tradendos

184 1209 247 1272 pro
257 1186 361 1273 genio
374 1196 410 1251 et
426 1210 525 1254 sensu
539 1210 602 1253 suo
615 1194 796 1264 censeant;
819 1206 904 1272 quos
928 1191 1055 1266 tamen,
1075 1180 1240 1271 qaeqaid

182 1297 239 1363 isti
249 1298 412 1384 garriant,
421 1297 515 1363 salva
527 1298 703 1363 honestate
716 1305 751 1362 et
760 1316 891 1361 morum
902 1294 1112 1383 integritate,
1122 1314 1238 1383 quam-

183 1408 242 1472 diu
260 1409 369 1474 honor
391 1431 472 1473 suus
486 1408 597 1473 illusis
611 1407 725 1490 stabit,
746 1414 782 1472 et
803 1413 917 1471 nostra
939 1413 976 1470 et
998 1405 1239 1471 lutma'retate

183 1540 307 1606 magno
319 1541 395 1585 cum
411 1521 522 1584 fructu
537 1528 573 1584 et
588 1517 762 1604 voluptate
781 1517 929 1582 lecturos
943 1525 979 1582 et
992 1511 1240 1585 commendatu-

183 1651 240 1693 ros
250 1625 1240 1714 esseomnesantiquaeelegantiaeetvenustatisspectatorea

183 1737 433 1804 nullasdubito.
456 1736 620 1803 Versatus
628 1746 741 1803 autem
753 1738 869 1802 cumin
879 1733 1081 1803 recensendo
1089 1730 1242 1819 etexpli·

184 1849 292 1916 cando
303 1847 443 1914 Catullo
456 1847 516 1925 ita,
538 1855 577 1911 at
592 1848 746 1934 primum,
762 1855 924 1934 quantum
939 1846 1013 1911 fieri
1027 1851 1153 1930 poscet,
1165 1852 1241 1907 tex·

184 1970 255 2024 tum
269 1958 382 2023 darem
393 1955 708 2035 emendatissimum,
722 1953 843 2020 deinde
859 1975 992 2019 sensum
1007 1953 1160 2019 locorum
1181 1952 1242 2019 ob·

184 2090 355 2135 scarorum
370 2067 517 2131 breviter
532 2065 763 2152 explanarem,
783 2073 819 2130 et
841 2072 910 2129 tam
924 2062 1165 2150 exquisitiores
1186 2062 1243 2131 vel

185 2176 422 2243 insolentiores
430 2174 590 2261 loquendi
600 2177 723 2240 formas
739 2181 902 2257 notarem,
912 2175 1014 2259 quam
1024 2172 1067 2240 ad
1077 2174 1243 2240 notandas

186 2286 337 2373 singulas
348 2290 461 2372 po’e‘tae
471 2285 611 2349 virtutes
621 2294 657 2349 et
664 2284 852 2371 elegantias
861 2284 1007 2349 animum
1020 2284 1243 2351 adverterem.

187 2395 287 2475 Quod
303 2395 406 2482 igitur
422 2395 464 2459 ad
477 2395 621 2482 primum
636 2395 769 2474 attinet,
781 2416 847 2459 non
863 2416 962 2460 unam
974 2394 1160 2461 alteramve
1172 2394 1246 2463 edi·

188 2505 327 2588 tionem,
351 2505 508 2593 adquam
531 2514 660 2570 textum
680 2504 802 2571 excudi
821 2526 985 2588 curarem,
1007 2513 1143 2571 secutus
1156 2526 1245 2586 sum,

186 2616 347 2693 (animum
360 2615 461 2698 enim,
476 2636 523 2679 ex
539 2637 608 2702 quo
622 2624 753 2680 textum
769 2615 811 2680 ad
827 2615 1009 2681 editionem
1022 2615 1244 2702 Bipontiuam

187 2726 568 2809 conformaturuseram,
578 2736 613 2789 et
628 2726 697 2790 fere
713 2727 756 2790 ab
770 2726 869 2792 initio
879 2725 1098 2809 conformavi,
1115 2725 1243 2814 ineptis

188 2835 310 2923 passim
326 2844 361 2899 et
374 2856 492 2921 parum
503 2834 732 2921 probabilibus
742 2838 777 2901 ia
788 2834 847 2900 illa
862 2835 1077 2922 deprehensis
1086 2835 1245 2903 lectioni·

189 2948 264 3030 bas,
281 2944 406 3011 mutavi
422 2943 558 3023 deinde)
586 2944 646 3011 sed
673 2967 717 3011 ex
742 2944 890 3032 antiquis
912 2951 948 3010 et
969 2944 1159 3031 potioribus
1173 2944 1246 3012 edi·

190 3054 337 3121 tionibus
348 3053 383 3118 in
395 3053 527 3119 Variet.
540 3055 635 3120 Iaect.
647 3054 816 3133 indicatis,
826 3075 883 3118 eas
894 3052 1005 3140 delegi
1018 3062 1054 3119 et
1063 3053 1099 3118 iu
1110 3062 1245 3123 textum

190 3164 303 3251 recepi
321 3162 585 3251 lectionemque
606 3163 660 3228 rel
677 3164 829 3249 proxime
852 3161 895 3227 ad
915 3165 1065 3252 antiquae
1087 3163 1246 3233 lectionis

192 3278 328 3340 turmam
353 3274 524 3356 accedere,
549 3272 602 3338 vel
626 3273 676 3337 rei
691 3273 871 3359 sensuique
894 3273 1246 3341 accommodatissime

191 3408 264 3449 esse
279 3384 484 3449 riderentur.
528 3383 596 3448 Ubi
612 3384 644 3447 in
663 3383 755 3447 locos
769 3381 881 3463 incidi,
901 3404 921 3447 e
943 3384 1076 3470 quibus,
1094 3385 1247 3461 excuasie

192 3504 226 3560 ot
258 3496 290 3561 ia
317 3500 431 3579 partes
453 3493 579 3557 vocatis
605 3491 806 3557 lectionibus
831 3491 995 3573 omnibus,
1019 3491 1117 3558 nullo
1144 3493 1247 3569 modo

193 3606 270 3671 elici
285 3614 318 3669 et
335 3602 531 3688 extorqueri
554 3610 666 3688 posset
693 3623 808 3667 sensus
834 3600 1037 3682 commodus,
1060 3601 1106 3667 ibi
1126 3602 1185 3669 vel
1209 3604 1248 3670 in

194 3714 282 3781 raetis
297 3710 350 3779 rel
364 3710 397 3775 iu
411 3712 492 3776 Var.
507 3710 616 3792 Lect,
635 3710 726 3797 quod
745 3709 787 3775 ad
802 3709 913 3775 locum
925 3708 1108 3775 sanandum
1123 3732 1249 3801 suppe-

195 3826 324 3891 ditabat
341 3820 523 3907 ingenium,
547 3819 695 3885 modeste
720 3820 893 3906 proposui,
915 3819 1108 3908 longissime
1123 3824 1169 3888 ab
1182 3822 1249 3904 lrac

195 3934 385 4002 temeritato
401 3937 561 4010 remotus,
589 3937 626 3994 ut
639 3929 876 4017 conjecturam,
896 3928 951 3994 rel
968 3931 1249 4018 maximeprobp-

195 4048 325 4113 bilitato
340 4066 376 4109 se
391 4038 689 4119 veremandorum,
710 4037 743 4102 in
758 4045 886 4103 textum
901 4038 1128 4126 importarem.
1144 4062 1150 4071 ·
1172 4043 1250 4111 Ne-

193 4180 260 4245 que
275 4176 339 4241 ego
350 4162 474 4227 tanuen,
484 4168 686 4235 quamquam
699 4147 733 4211 iu
750 4146 845 4233 larga
856 4148 1121 4235 conjecturarum
1130 4163 1248 4241 segete

195 4262 339 4355 span-tari
350 4259 453 4347 vulgo
466 4256 552 4325 solet
567 4254 691 4345 ingenii
708 4256 843 4323 ubertus
856 4266 892 4325 ct
903 4256 1097 4343 fertilitatem
1108 4271 1249 4350 recepto
