2872 4972
475 336 710 407 CARMEN
745 334 889 404 LXIII.
1142 332 1214 405 ,146

198 520 253 589 Ibi
267 520 372 588 maria
386 529 480 589 vasta
491 523 601 593 visens
613 518 865 588 lacrimantibus
879 516 986 586 ocnlls
1022 564 1025 569 -

198 632 349 698 Patriam
371 633 528 712 adlocuta
542 655 625 698 voce
639 612 691 699 est
704 630 753 697 ita
767 637 884 714 sumata
898 626 1081 696 miscriter:

196 743 315 809 Patria
329 766 350 808 ο
363 764 436 809 mea
446 741 605 823 creatrix,
619 726 729 829 patria
744 763 765 806 o
782 763 855 806 mea
869 738 1037 828 genetrix,
1166 733 1210 799 50

197 854 272 941 Ego
284 876 384 944 quam
401 853 499 920 miser
514 853 721 941 relinquens,
733 851 886 917 dominos
902 858 941 916 ut
952 848 1115 936 herifugoe

197 963 332 1030 Famuli
346 965 468 1049 solent,
483 965 525 1029 ad
542 963 613 1030 ldae
632 962 732 1029 tetuli
748 985 884 1029 nemora
897 960 1036 1050 pedem:

195 1074 243 1140 Ut
256 1075 345 1164 apud
361 1075 470 1142 nivem
488 1084 524 1140 et
536 1076 680 1142 ferarum
693 1072 807 1161 gelida
821 1072 952 1139 stabula
963 1074 1080 1154 forem,

198 1185 245 1250 Et
259 1206 376 1250 earum
391 1185 502 1250 omnia
518 1184 645 1250 adirem
661 1183 842 1251 furibunda
855 1183 1016 1250 latibula:

195 1294 355 1379 Ubinam,
370 1302 430 1360 aut
440 1296 562 1382 quibus
574 1293 657 1360 locis
671 1303 705 1361 te
717 1293 871 1383 positam,
886 1293 1008 1382 patria,
1022 1295 1120 1359 reati
1163 1290 1208 1356 55

198 1406 303 1493 Cupit
315 1406 388 1494 ipsa
399 1405 530 1493 pupula
543 1404 588 1469 ad
602 1413 635 1470 te
649 1405 714 1471 sibi
725 1404 873 1493 dirigere
888 1404 1005 1488 aciem,

195 1516 304 1581 Rabie
321 1516 392 1580 fera
406 1537 522 1581 carens
534 1516 612 1581 dum
629 1517 731 1581 breve
746 1524 879 1602 tempus
892 1514 1022 1582 animus
1036 1520 1100 1580 est.

196 1627 314 1715 Egone
330 1648 350 1691 a
366 1648 440 1691 mea
451 1632 580 1691 remot'a
591 1626 662 1692 haec
678 1627 767 1692 ferar
780 1626 814 1691 in
829 1647 966 1693 nemora
978 1627 1100 1692 domo?

195 1736 324 1821 Patria,
338 1738 447 1820 bonis,
460 1737 587 1822 amicis,
599 1737 810 1825 genitoribus
824 1738 950 1802 abero?

194 1850 311 1914 Abero
323 1848 410 1929 foro,
425 1847 597 1936 palaestra,
613 1848 722 1914 stadio
737 1856 772 1914 et
780 1847 982 1936 gymnasiis?
1169 1843 1212 1910 60

201 1959 310 2025 Miser
325 1958 368 2023 ah
388 1959 501 2042 miser,
525 1957 731 2047 querendum
751 1966 802 2024 est
823 1959 923 2025 etiam
939 1965 1041 2046 atque
1056 1956 1169 2040 etiam,

268 2070 389 2137 anime.

198 2182 303 2264 Quod
317 2181 403 2248 enirn
419 2203 526 2270 genus
538 2182 653 2270 figure
666 2190 728 2269 est,
741 2204 804 2271 ego
816 2202 882 2247 non
895 2178 984 2269 quod
996 2176 1191 2245 habuerim?

185 2387 224 2433 49.
242 2381 304 2429 Mira
316 2381 338 2429 in
349 2379 408 2429 libb.
422 2387 479 2431 vett.
491 2387 516 2429 et
533 2383 601 2431 editt.
612 2383 721 2432 lectionis
737 2384 806 2446 hujus
817 2398 901 2433 versus
917 2381 1036 2445 reperitur
1045 2378 1210 2442 discrepantia.

153 2447 256 2509 Patrium
266 2447 363 2494 alberita
373 2454 405 2493 est
416 2461 466 2494 voce
476 2447 575 2493 rnmtulu
585 2449 693 2496 mbemter·
701 2449 932 2511 crypt-Patriam
942 2449 1040 2496 allocuta
1051 2455 1125 2495 mm
1135 2452 1165 2494 eet
1176 2447 1211 2494 tta

153 2528 201 2558 vocs
212 2512 319 2559 miscriter
331 2513 391 2558 llur.
402 2512 471 2558 Voss.
483 2513 617 2574 Cantabrig.
633 2514 782 2576 Vulp.-alii
792 2514 868 2562 aliter.

185 2580 225 2624 59.
243 2575 323 2622 Retuli
339 2577 416 2622 Graev.

184 2645 224 2689 54.
242 2640 272 2686 Et
276 2639 368 2705 femina
379 2655 455 2686 eurum
467 2639 554 2686 adirem
566 2640 655 2700 profert
668 2641 764 2689 Guarin.
799 2641 830 2691 Bt
846 2656 925 2689 eurrrm
937 2649 965 2688 ut
976 2640 1050 2687 omerio
1059 2641 1145 2687 adirem
1157 2637 1210 2685 vult

153 2708 211 2752 snt.
222 2712 246 2752 ut
257 2706 329 2752 munio
340 2703 492 2764 dissyllabum
509 2704 541 2751 sit
552 2706 599 2751 sid.
612 2707 755 2768 Interpretes
766 2708 795 2755 ed
806 2706 891 2771 virgil.
908 2706 1003 2755 AEoeid.
1012 2706 1056 2752 vt.
1065 2701 1171 2759 aa-Ea
1182 2710 1210 2750 ut

154 2772 227 2816 omnia
238 2785 315 2816 earum
326 2770 410 2815 adirem
421 2767 507 2829 Scalig.

185 2837 225 2881 57.
243 2832 305 2880 Dum
315 2833 346 2878 ud
356 2833 418 2880 breve
429 2841 513 2893 tempus
522 2833 571 2879 sine
582 2833 645 2880 omni
656 2835 795 2882 necessitate
807 2834 891 2883 Heius.
901 2833 926 2881 io
937 2840 987 2881 not.
998 2835 1028 2881 ad
1039 2833 1165 2881 catullum.

187 2902 226 2946 60.
243 2899 316 2960 Atque
321 2898 445 2959 gymnasiis
455 2898 603 2944 metricanus
614 2901 882 2962 Aventius-studioque
890 2900 1013 2962 gymnasiis
1021 2898 1177 2960 elii-prime
1185 2895 1210 2944 ie

152 2965 281 3025 gymnasiis,
299 2969 394 3009 extrusa
409 2961 488 3008 littera
504 2978 535 3016 m,
551 2962 683 3025 corripitur,
701 2971 725 3011 ut
742 2965 766 3012 in
783 2973 914 3026 tympanum
932 2979 954 3010 v.
967 2967 990 3009 8.
1024 2962 1064 3009 Sic
1076 2962 1100 3009 io
1113 2962 1211 3024 Progne,

156 3028 255 3090 Cygnus,
266 3027 428 3089 Clytemnestru
440 3034 463 3073 et
472 3026 615 3074 aliia-vid.
629 3028 713 3075 Heius.
727 3031 756 3077 ad
766 3030 837 3077 Orid.
850 3032 913 3076 Fast.
926 3029 956 3074 V.
968 3030 992 3076 9.
1001 3029 1091 3075 etblet.
1100 3028 1143 3074 Vl.
1151 3029 1210 3075 468.

186 3095 226 3142 62.
243 3091 293 3154 Ego
304 3107 348 3137 non
359 3092 417 3154 qnod
429 3091 524 3137 liuberim
536 3090 574 3138 vel
586 3093 695 3155 numquid
705 3095 807 3150 obierim,
819 3094 904 3157 relego
914 3093 1023 3155 nunquid
1034 3092 1125 3140 obierim
1137 3091 1208 3139 MSS.

153 3159 212 3206 stat.
230 3156 291 3204 unde
308 3155 349 3205 ille
372 3156 424 3202 vult
443 3170 483 3216 ego
498 3156 608 3219 numquid
627 3158 725 3205 obierim
757 3159 787 3206 Iu
804 3159 861 3206 edit.
871 3159 953 3205 Venet.
968 3157 1057 3220 Gryqb.
1075 3158 1114 3206 bic
1126 3170 1210 3215 sersus
1296 3178 1332 3242 '3
1358 3147 1386 3183 ἶ*

186 3314 292 3361 48-49.
310 3308 346 3356 lbi
363 3309 436 3356 muno
452 3318 515 3357 nunu
526 3316 571 3357 cet.
589 3310 655 3358 littus
705 3326 761 3360 mn.
782 3311 877 3360 Miscell.
890 3311 973 3360 v.111.
985 3327 1010 3372 p.
1022 3310 1153 3360 eta-siti
1164 3326 1207 3359 na-

153 3383 224 3428 maris
239 3385 287 3442 Jam
299 3382 404 3427 Homero
415 3383 539 3429 fundendis
552 3383 655 3442 querelis
705 3383 785 3446 qiuari.
795 3386 825 3432 cl.
836 3400 907 3446 supra
919 3387 994 3432 Carm.
1006 3385 1106 3431 XXIV.
1120 3388 1144 3431 4.

155 3464 225 3515 aptus
236 3455 302 3500 locos
314 3454 378 3499 risus
397 3453 606 3502 est.llisd.1.84.
619 3456 656 3503 ll.
740 3459 779 3503 57.
798 3456 881 3503 Cornu
897 3465 929 3504 est
946 3472 989 3516 pro
1008 3465 1075 3502 curet.
1089 3456 1119 3501 ei.
1130 3458 1208 3503 com.

155 3528 286 3574 saa—50.
299 3531 323 3571 et
334 3527 422 3587 Odyss.
437 3527 466 3572 V.
479 3526 525 3572 151
539 3543 591 3588 sqq.
707 3529 801 3576 LXIV.
818 3533 875 3577 308.
890 3537 915 3576 et
930 3533 987 3579 318.
1008 3529 1104 3576 consule
1120 3520 1208 3576 deboc

185 3602 226 3646 49.
245 3597 368 3652 illiseriter,
382 3598 555 3654 miserabiliter,
571 3601 656 3647 lamen·
706 3600 817 3662 loquendi
829 3617 914 3663 genere
926 3601 1001 3648 sirum
1013 3603 1115 3648 Doctum
1126 3601 1217 3651 mon.

152 3670 218 3717 tabili
236 3669 387 3729 modo—De
406 3669 516 3730 singulari
535 3679 593 3727 arte,
612 3687 658 3733 qua
707 3688 769 3720 serv.
779 3672 952 3723 Miscell‘l'om.
962 3674 1009 3720 lll.
1020 3690 1045 3734 p.
1054 3675 1110 3722 39⁵.
1122 3682 1147 3721 et
1158 3662 1219 3723 Du·¹

154 3757 255 3803 sequens
274 3740 361 3787 Attinis
379 3742 452 3788 oratio
463 3743 493 3790 ed
511 3743 658 3791 exaltandam
709 3747 747 3792 oie.
758 3748 787 3793 ad
798 3746 847 3794 Cic.
860 3749 890 3794 de
900 3749 955 3794 Not.
966 3748 1038 3794 Deor.
1047 3746 1090 3794 tv.
1102 3751 1143 3796 44.

156 3811 381 3861 commiserationem
399 3815 529 3875 composita
552 3821 601 3872 est,
616 3816 658 3863 vix
741 3820 781 3866 60.
798 3816 863 3875 Fore,
882 3820 921 3867 ubi
939 3819 1032 3881 ingenui
1048 3819 1211 3869 adolescentes

156 3885 266 3934 monendi
280 3885 389 3932 ridentur
397 3886 507 3933 lectores.
703 3881 760 3938 ‘cnm
768 3892 895 3953 aequalibus
903 3890 1070 3948 versari,ludis
1078 3892 1209 3942 forensibus

189 3961 230 4006 56.
248 3956 300 4018 Ipsa
316 3957 340 4003 h.
349 3973 370 4004 e.
388 3963 479 4019 sponte.
495 3960 547 4019 ipse,
559 3966 584 4007 ut
595 3959 659 4014 aluric
709 3979 804 4024 operam
812 3966 868 4012 <lare
881 3971 905 4012 et
916 3964 961 4011 alia
972 3962 1042 4011 animi
1051 3979 1122 4012 causa
1133 3967 1210 4020 lacere

156 4032 219 4093 apud
232 4032 338 4090 Grecos,
355 4045 417 4091 saepe
426 4031 462 4078 ita
472 4039 605 4093 nsnrpatur.
617 4049 659 4080 ex·
709 4036 821 4084 solebant.

158 4106 276 4166 emplaex
296 4103 410 4151 Cicerone
428 4105 518 4152 noterit
536 4105 659 4154 Errtestiin
741 4109 781 4158 62.
800 4109 865 4163 Qrsod
873 4109 1104 4174 enimgenusfig.est,
1116 4126 1209 4174 egenen

155 4177 224 4224 Clas.
233 4176 284 4224 Cic.
295 4176 441 4224 s.b.v.-ci.
452 4175 525 4224 cndu
536 4178 565 4224 erl
578 4177 659 4239 Virgil.
710 4188 755 4228 cet}
771 4183 870 4230 Sensus:
889 4183 953 4240 Quid
972 4185 1031 4230 euim
1051 4199 1081 4230 ex
1094 4180 1221 4242 omnibus,

158 4249 241 4309 Eulog.
259 4250 302 4295 1v.
315 4252 355 4296 tt.
376 4248 462 4296 Ernesti
473 4249 503 4296 ed
523 4249 659 4298 callimach.
709 4271 853 4317 quaeeunque
872 4257 977 4318 pulchra,
989 4265 1094 4310 venusta,
1105 4265 1128 4303 et
1139 4259 1212 4305 fortn-

158 4321 192 4369 ll,
205 4319 227 4365 in
239 4319 318 4382 Apoll.
331 4336 353 4366 v.
365 4325 390 4370 5.
402 4328 426 4370 et
438 4322 478 4370 Vir
487 4321 604 4370 Doctusia
617 4323 660 4374 Ot-
710 4333 764 4374 nste
782 4329 904 4386 habentur,
917 4335 941 4376 et
956 4329 1056 4389 aprima
1074 4337 1141 4376 aetate
1152 4330 1212 4378 insi-
