2872 4972
548 360 849 432 GARMEN..0.
950 429 953 432 Δ
1139 358 1224 430 am

261 546 318 613 Ne
328 546 513 634 quidquam
527 553 863 616 uostrooontruotum
872 548 995 613 ‘ex-ore
1007 553 1170 633 maneret,

304 657 484 744 Tanquam
500 658 706 724 comminatae
720 679 841 746 spurca
856 657 965 723 saliva
978 657 1082 745 lupoe.
1184 656 1225 722 10

261 765 434 831 Praeterea
448 767 569 835 infesto
583 767 740 834 miserum
755 789 809 835 me
822 767 957 833 tradere
971 768 1079 834 amori

304 876 389 943 Nou
401 879 548 962 cessasti,
564 879 722 965 omnique
736 877 1080 944 excruciaremodoz.
1121 904 1128 935 .-

260 987 309 1053 Ut
324 988 367 1052 mi
383 1011 427 1054 ex
441 989 609 1054 ambrosio
628 996 789 1054 mutatum
799 992 871 1076 jam
886 989 974 1054 foret
987 987 1076 1053 illud

304 1099 504 1164 Suaviolum
515 1099 605 1165 tristi
619 1098 748 1164 tristius
760 1097 945 1162 hellebom.
1016 1154 1020 1162 .

262 1207 373 1288 Quam
387 1210 547 1295 quoniam
557 1231 688 1296 poeuam
703 1211 825 1276 misero
839 1209 998 1296 proponis
1012 1208 1130 1292 amori,
1185 1207 1228 1274 15*

302 1318 385 1384 Non
400 1341 547 1407 unquam
561 1321 701 1407 posthac
713 1319 807 1408 basia
821 1319 1009 1406 surripiam.

170 1495 219 1554 jam
237 1493 261 1541 in
272 1495 375 1542 editione
386 1494 460 1558 prima
475 1494 582 1542 Mureti:
601 1503 625 1542 at
636 1493 736 1542 Vossius
752 1493 819 1541 dedit
834 1493 941 1550 adiurat,
956 1499 983 1540 ut
1002 1491 1078 1540 hiatus
1093 1499 1149 1554 pest
1166 1491 1225 1542 hane

174 1574 256 1605 vocem
268 1559 425 1620 relinquatur;
441 1562 508 1622 eujus
525 1560 614 1607 vitandi
631 1575 702 1607 eausa
718 1559 770 1604 eliae
787 1558 910 1615 editiones,
923 1564 949 1605 ut
959 1557 1012 1605 Ald.
1024 1555 1113 1618 Gryph.
1122 1557 1229 1619 Henna

174 1623 376 1685 petr.-Abstarsti
384 1625 466 1686 gattis,
477 1633 595 1686 prreeunte
603 1627 652 1686 jam
663 1622 721 1672 edit.
733 1623 864 1678 Parthenii,
875 1620 922 1670 nisi
933 1622 996 1684 qnod
1007 1621 1040 1668 ibi
1051 1628 1086 1668 eat
1095 1620 1200 1669 Absterri.

208 1691 247 1734 10.
266 1688 386 1735 commista
402 1688 440 1736 vel
456 1692 574 1738 amnmiatu
590 1691 614 1738 in
631 1688 699 1736 editt.
716 1688 826 1735 Parthen.
838 1688 928 1748 Gryph.
944 1687 1188 1748 Mutet—aanjamata
1198 1683 1225 1732 in

174 1751 240 1799 libris
252 1752 389 1812 quibusdem
401 1755 463 1814 apud
474 1754 582 1800 Statium.
613 1755 686 1800 Totus
698 1767 778 1799 versus
789 1752 812 1798 in
825 1751 886 1799 cod.
896 1749 1077 1806 Mediolanensi,
1089 1755 1115 1796 ut
1126 1754 1225 1796 testatur

174 1817 282 1872 Vossius,
290 1818 376 1877 legitur
385 1818 434 1864 sic:
453 1817 569 1878 Tanquam
580 1819 730 1881 committe
741 1831 822 1876 spurca
832 1816 903 1863 saliva
917 1823 971 1880 gut
979 1825 1019 1863 tae.
1037 1816 1107 1862 Unde
1116 1813 1224 1868 Vossius,

175 1879 291 1943 Tanquam
301 1883 460 1929 commictae
476 1896 556 1942 spureo
566 1881 639 1929 saliva
653 1881 749 1945 gatae3
760 1881 882 1927 tentionem
892 1887 994 1928 noemam
1004 1881 1148 1934 adtaminata,
1155 1893 1224 1938 quam

166 1945 250 2008 >ipsam
261 1945 365 1991 nonnulli
376 1945 431 1991 libri
442 1945 511 1992 Statii
522 1946 631 2000 offerunt,
642 1945 747 1992 defendit
755 1944 869 2004 Scaliger.
1044 1980 1047 1987 .
1214 1964 1218 1971 ⁵

207 2013 247 2057 13.
264 2010 378 2056 Ambrosia
387 2009 453 2056 editt.
461 2010 592 2066 Parthenii,
604 2010 694 2071 Gryph.
712 2009 863 2069 Heariopetr.
873 2007 1007 2068 cantabrig.
1019 2009 1100 2055 Grues.
1112 2005 1224 2066 Bipoutr

176 2075 219 2122 sed
238 2074 312 2121 molto
323 2073 496 2122 eonveuieutiue
509 2075 623 2131 ambratia,
634 2075 697 2136 quod
710 2081 747 2120 est
757 2074 783 2120 iu
796 2074 868 2121 Mss,
880 2072 960 2129 Statii,
975 2071 1078 2121 editione
1092 2069 1182 2121 Mureti
1200 2075 1224 2133 et

175 2139 244 2185 libris
257 2138 343 2186 vossii.
666 2141 668 2144 ’

208 2207 247 2252 16.
266 2200 388 2265 Nunquam
395 2205 448 2265 jam
456 2201 546 2265 posthac
558 2202 627 2252 editt.
640 2203 750 2251 Parthen.
763 2192 853 2264 Gryph.
864 2202 952 2249 Muret.
963 2203 1041 2249 Graev.

725 2356 894 2405 requespuraa,
903 2355 930 2386 aa
942 2345 977 2386 est
985 2337 1114 2387 meretricis
1123 2335 1226 2385 reeautie

208 2562 247 2605 10.
267 2558 383 2621 Tanquam
397 2563 531 2609 comminata
546 2576 627 2622 spurca
641 2577 677 2609 aa·
758 2518 800 2607 14:
818 2557 914 2605 Tristior
936 2519 1048 2613 helleboro,
1060 2571 1090 2602 ex
1102 2516 1225 2616 proverbio

176 2631 222 2677 tiva
239 2631 306 2691 lupa,
326 2639 436 2693 tunquam
453 2639 517 2682 esset
533 2634 607 2681 salira
626 2649 677 2681 mea
727 2629 844 2694 asupimgm
854 2628 972 2693 ἱλλιβὸρου.

174 2374 204 2424 'ri
222 2373 301 2437 crima
311 2391 356 2438 μευ
366 2373 447 2432 anisa,
464 2374 502 2423 sat
519 2373 634 2423 demta
648 2373 677 2422 ul
691 2384 695 2389 '

518 3026 790 3185 ‘ceatur
821 3050 870 3183 ε·

440 3284 444 3291 ,
472 3241 535 3293 ou
562 3241 742 3313 amamur
766 3234 919 3302 eorunm.

263 3365 414 3434 Crunoe
430 3367 638 3454 Aufilenum,
654 3375 689 3434 et
700 3367 861 3448 Quintius
873 3365 1075 3446 Aufilenam,

306 3477 390 3544 Flos
399 3471 652 3555 veronensium.
661 3481 847 3567 depereunt
853 3481 1037 3568 juvenum-3

212 3650 236 3694 1.
253 3647 334 3696 Catius
344 3655 368 3697 et
381 3650 463 3700 Catius
474 3652 605 3713 promiscue
617 3653 640 3701 in
650 3654 751 3702 vetustis
760 3653 914 3702 monumentis
929 3659 989 3701 teste
1000 3651 1084 3708 Statio,
1095 3660 1119 3700 et
1130 3649 1164 3699 sio
1174 3662 1229 3715 pref

177 3712 267 3759 misane
278 3729 369 3776 quoque
381 3718 506 3764 exhibetur
517 3719 560 3765 hoo
572 3722 654 3766 uome'n
665 3718 689 3767 iu
702 3718 927 3782 editiouihua-pro
940 3718 1022 3766 Catina
1039 3718 1062 3764 in
1081 3716 1147 3773 libris
1157 3716 1229 3765 voe.

179 3776 350 3839 Gellius—pro
369 3781 474 3843 uastam
491 3782 617 3843 legendum
637 3784 736 3833 ronam
757 3790 825 3847 putat
843 3783 930 3831 Statius
949 3781 1070 3844 Arrfadena,
1089 3781 1228 3828 reclamante

178 3841 273 3898 Vareia,
285 3843 325 3903 qni
335 3843 492 3906 Aufilenorum
503 3839 613 3894 familiam
631 3848 689 3897 satis
699 3855 776 3897 notam
787 3849 842 3897 olim
853 3849 951 3896 Veronae
962 3847 1033 3894 luisse
1050 3862 1080 3894 ex
1092 3845 1183 3893 duabus
1193 3842 1228 3892 luss

178 3907 344 3970 scriptionibus
354 3909 409 3956 ietio
419 3912 520 3972 repertis
531 3914 622 3972 prohat.

209 4047 309 4095 Amores
328 4048 399 4098 coelii
415 4055 440 4098 et
460 4051 563 4110 Quintil,
579 4018 679 4115 qaorum
727 4061 801 4102 tatem
811 4048 1178 4115 apparatos-Deceliovida
1189 4060 1231 4097 sun

177 4119 399 4179 alterhlinm,slter
410 4123 597 4186 fillumejuedam
611 4125 678 4173 fami·
727 4141 770 4189 pra
779 4127 809 4172 ad
820 4128 918 4173 carmen
929 4125 1020 4172 LVIII.
1033 4129 1055 4172 1.
1227 4158 1230 4166 -

177 4192 217 4239 lia
228 4194 386 4242 dudlenomm
397 4196 489 4259 perdite
505 4198 606 4254 amabat,
616 4213 679 4245 oom-
761 4202 785 4247 2.
801 4197 867 4246 Flos:
877 4200 909 4246 ot'.
921 4213 994 4259 sopra
1002 4199 1033 4245 sd
1045 4199 1122 4244 Germ.
1132 4195 1230 4243 axin.

91 4292 94 4296 -
178 4275 298 4324 memorat,
309 4274 334 4314 et
341 4269 416 4317 Goelio
425 4267 541 4331 inprimis,
549 4271 580 4317 eh
588 4278 682 4332 speeta-
729 4273 770 4318 64.
780 4268 945 4328 Vermsmiam,
956 4287 1003 4318 vox
1013 4269 1171 4331 tetrasyllaba.
1178 4267 1233 4316 vid.

179 4339 283 4389 muniti
299 4341 591 4404 qmmmidmmom
605 4343 684 4393 taliet-
732 4339 937 4406 Vomdetualog.
949 4343 985 4392 11.
996 4359 1019 4390 a.
1028 4345 1068 4391 14.
1166 4379 1168 4382 ,
1228 4374 1232 4383 -
