2872 4972
181 333 238 384 xx
343 314 513 385 mmlx
534 313 822 384 EDITIONUM
843 314 1070 395 cunum,

284 503 471 574 ariolum,
482 513 516 564 et
528 503 661 565 nondum
672 503 735 565 visa
748 503 1001 576 Bronckbusiann,
1012 502 1092 563 tnnc
1103 498 1242 562 emimrst

283 585 330 644 vir
340 585 536 644 doctissimus.
576 584 679 645 Multa
688 586 860 644 retractavit
873 585 903 643 in
916 585 964 644 ed.
977 583 1151 665 posteriore.

182 664 264 728 1713
283 665 322 724 In
331 685 455 746 corpore
467 677 633 744 poetarum
648 666 747 725 Lond.
758 665 808 724 fol.
823 671 905 739 (cura
919 664 1086 742 Moittnrii.)

185 750 266 809 1715
286 747 357 807 Cat.
382 746 453 806 Tib.
474 746 567 840 Prop.
594 767 694 826 opere.
734 746 894 807 Accedunt
919 744 1061 823 quedam.
1079 740 1241 805 eorundem

284 827 447 887 Poetarum
456 845 587 886 carmina
610 847 709 906 grece
723 846 818 898 versa,
832 845 901 887 cum
914 826 975 886 ods
988 824 1125 905 Sapphus
1138 842 1158 882 s
1173 822 1240 885 Cat.

282 906 377 967 ltine
388 907 516 978 reddita,
529 919 561 967 et
574 927 643 967 curn
664 908 766 968 indice
777 908 907 987 copioso.
920 905 1020 966 Lond.
1033 907 1101 968 Jnc.
1108 906 1240 977 nomon,

284 992 335 1049 12
347 988 446 1047 Mirb.
465 987 610 1047 Maittnrii
623 1008 697 1048 cura
724 988 842 1067 prodiit.
883 987 931 1046 Ex
948 983 1184 1064 cantabrigiensi
1196 1002 1242 1043 re·

282 1067 379 1148 petits
390 1078 448 1140 eet,
459 1087 521 1127 une
533 1087 603 1129 cum
616 1070 688 1130 Var.
698 1068 788 1128 Lect.
830 1069 966 1147 Adjecta
975 1067 1087 1139 tabula,
1095 1084 1157 1145 qus
1170 1064 1242 1125 Scu-

281 1149 435 1228 Bgerisnoe
447 1148 690 1228 transpositiones
700 1159 877 1227 comparate
889 1158 969 1217 sunt,
980 1148 1051 1206 item
1060 1163 1163 1225 graeoa
1174 1164 1241 1205 ver-

281 1228 329 1289 n‘o
340 1228 551 1289 nonnullorum
562 1229 725 1288 carminum
746 1248 765 1288 n
779 1228 932 1307 Scaligero
945 1237 977 1288 et
988 1226 1127 1288 Florente
1141 1225 1242 1288 Chris-

184 1386 266 1453 1723
283 1388 355 1451 co„
369 1389 438 1449 Tib.
449 1389 540 1467 Prop.
553 1388 593 1449 ed
611 1387 702 1449 fidem
714 1387 893 1467 optimorum
913 1386 1126 1468 exemplarium
1137 1406 1244 1448 recen·

280 1470 343 1542 stri,
353 1469 528 1530 cumMSS.
539 1488 617 1529 sarr.
626 1469 698 1529 lect.
705 1469 832 1548 margini
843 1468 995 1547 adpositis,
1005 1467 1245 1529 adcelsissimum

283 1551 490 1611 Aurelianum
502 1550 632 1610 Ducem.
645 1549 754 1627 (studio
765 1560 796 1610 et
805 1568 897 1628 opera
910 1549 1005 1610 Micb.
1019 1548 1175 1625 Brociurri)
1186 1548 1246 1609 Ps-

283 1631 336 1691 tis.
363 1630 532 1691 Coustclier
549 1636 617 1691 4.-
624 1630 677 1689 Nil
696 1630 778 1691 aliud
801 1632 866 1709 egit
885 1629 991 1702 editor,
1010 1647 1100 1708 quam
1119 1640 1154 1689 ut
1166 1629 1243 1691 edit.

285 1711 517 1790 Scaligerianam
529 1709 732 1770 recudean
745 1711 888 1770 traderet.

448 2049 588 2119 AE'I'AS
611 2051 678 2118 VI.
700 2049 979 2118 VUnP1ANA.

186 2198 265 2264 1737
286 2196 435 2260 casm
446 2199 571 2278 copioso
585 2197 682 2274 Vulpis·
694 2197 917 2270 commentario,
933 2198 1000 2258 Pat.
1010 2203 1045 2259 4.
1077 2198 1168 2259 Notae
1181 2217 1245 2259 non

282 2290 347 2339 tam
359 2279 392 2337 in
403 2277 591 2340 emendando
603 2290 636 2337 et
647 2278 871 2358 interpretando
880 2290 1043 2352 versantur,
1062 2299 1245 2360 quamquam

190 2410 194 2417 .
283 2359 317 2418 io
328 2359 390 2418 hoc
409 2378 539 2439 quoque,
551 2378 642 2438 quam
658 2359 691 2418 in
703 2359 893 2419 conferendis
914 2360 986 2418 locis
999 2370 1132 2420 veterum
1154 2371 1187 2420 et
1199 2380 1247 2421 re-

284 2439 453 2501 centiorum
474 2448 639 2519 poetarum,
666 2440 698 2498 in
719 2440 826 2520 qulbus
850 2441 956 2500 eadem
981 2441 1129 2500 sententia
1154 2441 1243 2500 simili

283 2521 382 2581 aliove
400 2521 492 2579 morlo
505 2538 645 2599 expressa
656 2531 713 2592 est,
740 2521 831 2581 etiam
843 2541 898 2598 per
917 2519 1110 2580 imitationem
1131 2532 1166 2580 ut
1183 2522 1245 2583 lec·

283 2610 367 2661 toret
379 2601 526 2661 baberent
539 2600 781 2662 exercitationem
798 2601 908 2680 ingenii
929 2611 1028 2679 aptum
1048 2603 1087 2661 ad
1108 2601 1247 2664 imitatio·

283 2701 366 2776 nem,
378 2681 563 2776 itemqueut
576 2682 830 2762 copiaverborum
844 2693 876 2743 et
891 2682 1104 2742 sententiarum
1125 2702 1246 2765 compa-

184 2840 266 2905 1738
284 2772 555 2905 grimm
568 2842 599 2902 in
621 2842 770 2922 integrum
791 2844 953 2904 restitutus.
993 2845 1041 2903 Ex
1063 2843 1134 2903 MS.
1147 2863 1245 2924 nuper

286 2925 393 2984 Rom
409 2935 530 3004 reperto
547 2935 580 2984 et
602 2943 643 2983 ex
663 2924 829 2996 Gallicano,
845 2923 997 2995 Patarino,
1012 2924 1138 2984 Mediol.
1153 2925 1243 2987 Rom.

284 3004 411 3077 Zancbi,
431 3004 548 3077 Malioi,
576 3004 730 3084 Scaligeri,
765 3005 902 3075 Achillis,
927 3005 1025 3064 Vossii
1051 3016 1083 3064 et
1107 3005 1244 3067 aliorum.

287 3085 401 3144 Critice
412 3086 465 3145 Jo.
477 3086 585 3147 Franc.
591 3085 739 3144 corradini
751 3087 787 3146 de
796 3088 872 3145 Allio
885 3086 916 3144 in
928 3085 1105 3166 interpretes
1114 3097 1244 3161 veteres,

284 3165 535 3257 recentioresque,
564 3165 784 3260 grammatipos,
812 3166 1017 3259 chronologos,
1045 3167 1246 3246 etymologos,

284 3243 521 3324 leucograpbos,
532 3264 602 3303 cum
608 3256 669 3304 vitu
678 3257 777 3323 poetar
786 3247 918 3305 nondum
926 3247 1018 3306 edrta.
1032 3246 1244 3308 Venethi.-

284 3324 337 3384 De
351 3325 507 3384 Corradini
526 3324 709 3403 impudentia
729 3325 790 3386 vid.
805 3326 853 3387 cl.
868 3326 987 3386 Harles.
1000 3326 1109 3386 introd.
1132 3326 1164 3386 in
1177 3339 1244 3392 not.

284 3404 330 3465 lit.
340 3405 428 3465 Rom.
443 3403 514 3464 Vol.
527 3404 553 3463 l.
565 3425 595 3484 p.
607 3409 678 3466 326.
691 3425 758 3483 sqq.

183 3514 272 3533 --
291 3485 329 3546 c.
343 3485 410 3545 Vel.
425 3486 493 3545 Cet.
507 3485 589 3564 Opp.
607 3504 647 3545 ex
668 3485 911 3563 castigationibus
930 3486 1244 3567 observationibusque

285 3564 409 3636 (iterii,
422 3565 521 3624 Vossii
534 3576 566 3624 et
580 3564 682 3644 Vulpii
703 3566 870 3627 emendata.
895 3587 920 3627 s.
933 3586 962 3628 e.
976 3578 1008 3628 et
1024 3567 1046 3626 1.
1061 3571 1109 3627 12.
1124 3569 1244 3631 accedit

284 3645 472 3787 pizuli-,Q
486 3645 611 3707 Veneris
624 3665 665 3707 ex
676 3646 825 3727 castigate
838 3649 967 3727 obssque
980 3647 1129 3708 Sanadoni
1141 3667 1244 3710 emen-

186 3809 267 3874 1742
286 3808 356 3868 cn.
368 3808 438 3869 Tb.
459 3806 550 3887 Prop.
570 3808 610 3868 ad
630 3807 722 3869 tidem
744 3808 919 3888 optimorum
939 3808 1077 3868 tororum
1098 3807 1242 3873 accurate

282 3888 434 3960 recensiti,
447 3888 555 3968 quibus
572 3888 725 3964 adjecurm
740 3900 787 3949 est
802 3889 986 3968 Pervigilium
997 3889 1131 3965 Veneris,
1145 3891 1244 3953 Gott-

203 4038 207 4045 ,
283 3968 384 4047 tingue.
394 3988 434 4029 ex
444 3969 523 4029 offic.
537 3970 636 4031 Acud.
650 3972 693 4030 A.
706 3988 762 4029 van
776 3969 835 4029 den
850 3970 970 4042 Hoeclr,
987 3973 1035 4029 12.

185 4048 265 4114 1743
287 4050 353 4110 Cat.
362 4049 432 4110 Tib.
442 4049 533 4128 Prop.
546 4050 671 4130 pristino
682 4050 768 4110 nitori
780 4052 908 4112 restituti
923 4051 1003 4111 etad
1016 4049 1128 4130 optima
1137 4070 1242 4112 exem-

283 4129 378 4208 plaria
394 4130 553 4192 emendati.
581 4130 802 4210 Accfragmm.
824 4131 1117 4211 C.Gulloinscripta.
1138 4131 1243 4212 Lugd.

282 4210 389 4271 Batsr.
422 4211 531 4290 (Paris.
552 4211 732 4290 Coustelier)
757 4216 807 4275 12.
849 4213 897 4275 Ad
918 4212 1149 4293 Scaligeriunam
1174 4233 1240 4275 rec.

282 4309 391 4354 excusa
401 4303 457 4353 est
