2872 4972
320 288 1064 474 ossnarlsnrouuscnrrrcm.
1193 366 1218 431 s

172 547 232 607 Alii
247 548 324 609 enim
333 548 402 627 brec
415 549 559 610 tralaticia
580 550 674 610 officia
687 548 909 620 existimabant;
927 550 981 611 'alii
1004 555 1120 629 poetam
1141 540 1223 607 nubs

169 642 399 713 annotationum,
414 643 519 721 quibus
533 662 580 702 res
592 654 622 702 et
637 644 724 702 verba
738 644 946 703 sententiarum
960 643 1056 702 nexui
1072 653 1172 720 erepta
1184 641 1220 700 il·

170 732 369 805 lustraremus,
381 734 587 803 involvebant3
601 733 659 804 alii,
667 735 698 792 in
707 735 913 794 constituenda
922 735 1081 793 carminum
1091 733 1220 793 lectione

169 822 254 883 nimis
266 825 370 896 securi,
383 843 439 883 neo
453 825 539 885 metri
551 825 694 885 rationem
707 826 908 904 respicientes,
923 836 1019 883 utrum
1034 825 1077 884 ita
1087 816 1223 884 Catullus

64 972 65 977 ,
171 915 290 975 dixisset
303 917 350 975 vel
364 917 462 978 dicere
475 917 628 996 potuisset,
644 937 750 991 necne,
765 918 851 996 plane
870 936 929 976 non
947 919 1127 994 quaerebant.
1171 909 1223 976 De

170 1010 356 1067 recentissimo
379 1009 481 1068 Catulli
506 1010 622 1068 editione
640 1029 700 1068 non
723 1009 817 1068 feram
837 1009 1022 1081 sententiam,
1042 1029 1081 1068 ne
1102 1028 1159 1087 ego
1174 1012 1224 1084 ju·

171 1098 252 1158 venis
266 1119 311 1170 ea,
326 1119 393 1177 quse
407 1100 477 1158 mihi
491 1099 528 1160 de
550 1101 608 1160 hoc
630 1120 721 1180 opere
735 1101 861 1162 dicenda
881 1113 989 1173 essent,
1004 1101 1032 1161 in
1048 1099 1151 1170 virum,
1172 1099 1224 1179 qui

169 1188 234 1268 ipse
244 1191 361 1268 juvenis
375 1191 455 1250 illum
478 1191 577 1262 edidit,
602 1192 798 1252 doctissimum
823 1203 861 1252 et.
872 1213 993 1252 munere
1014 1213 1069 1251 suo
1089 1192 1225 1270 gravissi-

133 1284 135 1288 ’
171 1302 252 1342 ιιιιιιιι
266 1284 377 1344 dixisse
392 1285 501 1345 videar.
526 1284 593 1345 Nec
607 1305 652 1356 ea,
667 1306 734 1364 quae
747 1286 815 1357 diri,
827 1306 863 1345 eo
876 1285 972 1344 animo
985 1285 1131 1363 disputata
1141 1296 1222 1366 sunt,

170 1386 204 1434 ut
215 1368 342 1435 virorum
352 1376 504 1436 doctorum
518 1377 627 1436 meritis
639 1377 669 1435 in
681 1378 826 1437 Catullum
840 1378 951 1457 aliquid
964 1377 1161 1446 detraherem
1169 1377 1226 1437 sed

171 1469 378 1546 praemittenda
398 1470 580 1542 videbantur,
602 1481 636 1529 ut
657 1481 820 1551 appareret,
842 1481 983 1549 quantum
1004 1481 1176 1549 superesset·
1192 1471 1227 1529 in

173 1565 261 1638 potito
273 1572 373 1620 nostro
388 1561 608 1621 emendandum
618 1580 652 1620 ac
666 1562 888 1621 restituendum.
942 1583 944 1587 ·

214 1652 327 1713 Editori
341 1653 418 1712 enim
432 1653 538 1713 Catulli
557 1653 657 1713 futuro
678 1673 799 1733 campus
818 1655 879 1714 lato
900 1653 991 1712 limite
1012 1663 1102 1732 patet.
1143 1651 1227 1712 disi·

172 1743 263 1803 duum
287 1745 424 1816 studium,
449 1765 559 1823 magne
581 1750 662 1817 cura,
688 1766 786 1805 rerum
809 1747 993 1825 antiquarum
1016 1745 1149 1823 scientia,
1162 1748 1226 1804 ser·

172 1837 266 1896 monis
279 1837 391 1897 auctori
401 1838 508 1917 proprii
522 1848 552 1897 et
565 1839 696 1897 metricae
710 1839 829 1899 rationis
842 1838 981 1918 cognitio,
995 1839 1060 1897 haec
1073 1850 1225 1916 sunt,quoe

173 1929 281 1988 adhoc
294 1950 366 2008 opus
385 1918 596 2008 perficiendum
617 1929 811 2013 requiruntur.
852 1929 941 1997 Quod
954 1930 993 1989 ad
1006 1949 1063 2001 res,
1079 1933 1153 2008 q'uas
1167 1929 1225 1990 Ca·

174 2022 263 2080 tullus
283 2033 407 2093 enarrat,
422 2021 606 2082 illustrandas
619 2023 756 2101 pertinet,
781 2043 825 2081 eae
845 2034 912 2083 sunt
932 2022 1087 2081 maximam
1110 2021 1226 2100 partem

174 2114 244 2173 satis
259 2114 425 2198 explicate,
440 2114 521 2193 quod
536 2113 656 2192 quidem
674 2114 842 2173 facillimum
864 2124 937 2174 erat.
978 2114 1228 2174 Ascntentiarum

174 2225 245 2265 vero
263 2216 346 2266 recta
362 2206 544 2286 expositione
558 2206 732 2284 interpretes
749 2208 854 2285 saepius
873 2208 1055 2267 aberrarunt.
1097 2206 1175 2265 Nam
1194 2206 1230 2279 in·

176 2298 295 2358 Catullo
310 2298 483 2378 explicando
502 2299 686 2359 non'sufficit
706 2299 852 2378 profunda
875 2299 999 2359 eruditio
1022 2304 1058 2358 ac
1077 2294 1229 2370 doctrinas

174 2390 316 2470 interpres
330 2411 395 2451 esse
411 2391 502 2451 debet
514 2391 643 2471 ingenio,
659 2391 746 2470 quale
756 2397 852 2469 poitae
863 2401 1048 2465 nostroperat,
1058 2381 1183 2454 venusto¹
1195 2403 1230 2465 et

174 2483 286 2562 lepido.
326 2485 455 2544 Plurima
467 2485 650 2564 reperiuntur
664 2484 694 2541 in
708 2489 768 2558 ejus
777 2484 961 2554 carminibus,
973 2505 1039 2563 quae
1052 2485 1146 2562 magis
1159 2489 1229 2545 s'en·

175 2595 224 2635 sus
237 2575 472 2653 significatione,
474 2596 563 2654 quam
583 2576 700 2635 rationis
714 2576 936 2652 investigatione
950 2577 1069 2653 probari
1089 2589 1233 2663 possuntt

176 2685 242 2744 quae
252 2678 350 2727 tamen
361 2687 420 2726 non
431 2667 511 2745 parvi
521 2666 661 2725 momenti
671 2677 749 2734 sunt,
760 2686 848 2743 quum
860 2678 1041 2726 venustatem
1054 2658 1230 2730 carminibus

177 2760 223 2818 vel
238 2759 402 2834 detrahant,
416 2759 463 2818 vel
479 2758 644 2818 restituant
686 2756 746 2817 Sed
768 2757 833 2817 baec
856 2757 979 2838 amplius
998 2759 1144 2838 persequi,
1167 2776 1229 2820 nmr

177 2852 247 2910 mihi
261 2852 407 2930 proposui

219 2945 272 3003 Ad
284 2944 492 3004 sententiarum
510 2943 732 3004 illustrationem
753 2963 792 3003 ne
813 2943 893 3022 prius
912 2955 943 3003 te
957 2943 1126 3017 accinxeris,
1141 2964 1233 3037 quarn

179 3037 336 3115 genuinam
352 3036 518 3097 carminum
539 3036 736 3096 conditionem
759 3037 928 3107 restitueris,
951 3056 987 3095 ac
1007 3039 1097 3096 verba
1118 3032 1232 3097 auctori

178 3129 378 3189 vindicaveris.
421 3128 586 3187 Officium
579 3129 668 3206 igitur
687 3128 888 3206 gravissimum
903 3128 1022 3188 editoris
1035 3131 1159 3207 positum
1174 3131 1231 3191 erit

179 3222 210 3281 in
223 3221 355 3301 diligenti
370 3232 401 3280 et
412 3232 552 3281 accurata
566 3221 783 3300 comparatione
798 3222 933 3281 codicum
948 3224 1234 3302 manuscriptorum.

179 3315 226 3374 Ac
247 3315 361 3386 mirum,
382 3333 419 3373 ue
437 3314 532 3373 dicam
551 3312 726 3382 miserabile,
742 3313 864 3385 videtur,
883 3313 963 3392 quod
983 3331 1002 3372 a
1022 3308 1234 3374 recentioribus

125 3446 132 3460 .
181 3407 340 3467 editoribus
353 3426 391 3467 ne
403 3425 439 3465 ea
448 3405 575 3485 quidem,
590 3425 657 3484 quae
669 3405 700 3463 in
712 3405 867 3484 superioris
881 3405 980 3464 saeculi
992 3404 1077 3464 libris
1083 3406 1232 3484 leguntur,

180 3499 334 3558 observata
348 3508 379 3556 et
393 3498 519 3556 collecta
538 3505 616 3556 sunt.
657 3499 726 3562 Qua
744 3508 843 3556 tamen
863 3516 955 3576 opera
973 3498 1065 3574 magis
1083 3499 1234 3569 subvenis-

180 3601 246 3650 sent
268 3589 412 3649 laboranti
435 3590 542 3660 textui‚
564 3608 652 3667 quam
675 3590 901 3668 eirplicatlonum
924 3593 961 3650 ad
982 3591 1070 3650 verba
1095 3591 1233 3670 cbrrupta

182 3684 360 3759 adjectarum
384 3681 539 3760 farragine.
581 3681 788 3759 interpretatio
812 3683 890 3741 enim
912 3684 1023 3742 criticoe
1041 3683 1111 3743 artis
1125 3677 1233 3742 anriilio

181 3778 322 3838 destituto
335 3776 461 3855 ideoque
475 3775 590 3835 incerta
602 3778 636 3834 et'
645 3793 720 3832 vana
738 3795 798 3834 nou
811 3778 909 3854 potest
923 3776 1105 3835 difficultates
1118 3775 1234 3836 tollere.

182 3869 291 3928 Adhuc
303 3879 438 3928 accurate
452 3866 618 3945 colligenda
632 3875 679 3926 est
689 3866 822 3926 lectionis
836 3868 960 3928 varietas
974 3888 992 3928 e
1005 3866 1155 3926 codicibus
1166 3866 1237 3939 Pal<

182 3961 263 4030 ludii,
278 3959 400 4020 Guarini
422 3962 518 4038 (eujus
537 3959 627 4019 editio
647 3962 800 4024 ian-1521.
823 3959 951 4038 pluribus
975 3959 1088 4039 ignota)
1110 3959 1238 4032 Mureti,

185 4051 337 4129 scaligeri,
347 4051 447 4110 Vossii'
465 4051 553 4130 (inter
565 4068 641 4128 quos
655 4049 764 4108 e'minet
776 4050 849 4108 liber
859 4051 1054 4127 Commeliu.)‚
1071 4050 1239 4123 Columnae,

184 4141 331 4221 Meleagri
346 4143 487 4222 (Balthas.
502 4141 679 4218 Venatorisl,
702 4142 826 4200 Fraterii
850 4152 881 4201 et
901 4144 1034 4221 aliorum,
1057 4153 1164 4222 praeter
1183 4161 1237 4201 eos

185 4236 309 4306 codices,
324 4234 384 4313 qui,
400 4234 500 4316 avitis
514 4234 609 4294 doctis
624 4233 752 4294 nondum
767 4233 913 4312 descripti,
927 4235 956 4294 in
977 4234 1163 4294 bibliothecis
1180 4253 1235 4292 ex·

1152 4522 1352 4672 A
