2872 4972
202 292 260 409 'ue
464 340 505 406 c.
528 337 759 406 vnnuuu
789 334 1031 406 crucum

346 523 437 606 Quid
451 525 551 608 bunc,
566 522 702 602 mulum,
711 521 853 588 fovetis?
868 529 928 588 aut
941 521 1091 610 qnidhie
1102 531 1224 612 potest,

345 634 425 701 Nisi
439 645 540 702 uncta
556 634 719 702 devorare
734 633 937 722 patrimonia
952 637 964 698 i
1019 711 1022 715 ¹
1064 687 1066 691 ,

346 746 443 812 Eone
459 747 606 826 nomine,
622 746 812 835 Imperator
825 743 936 823 unice,

346 855 449 923 Socer
461 878 634 944 generque
646 855 837 944 perdidistis
853 853 986 920 cmuiui
1225 857 1268 921 25

216 1043 292 1107 plerit
309 1045 420 1100 Faernus,
438 1058 481 1104 prc
498 1045 561 1092 timet
579 1059 623 1091 una
640 1045 730 1106 syllaba
748 1047 768 1092 is
786 1045 866 1092 additu
883 1047 964 1093 timetis
979 1045 1068 1107 legens.
1101 1043 1172 1093 linire
1188 1043 1270 1093 Guliiae

216 1111 295 1155 timent
310 1117 332 1156 et
348 1107 474 1156 Britoumu
490 1109 515 1155 in
526 1109 584 1156 edit.
596 1111 656 1171 lteg.
668 1111 689 1157 1.
723 1107 853 1172 Timeutpue
870 1107 952 1158 Gallie
968 1110 1039 1164 brine,
1055 1109 1133 1157 timent
1144 1108 1271 1157 Britoumie

217 1174 358 1231 Turnebus3
374 1179 398 1219 ut
409 1172 522 1235 Scaliger,
537 1173 578 1237 qui
592 1173 618 1220 in
632 1174 693 1223 libro
705 1189 748 1222 suc
759 1175 880 1222 invenerat
896 1173 966 1222 Hune
982 1173 1064 1223 Gallie
1077 1175 1156 1222 timent
1170 1174 1235 1221 tellus
1250 1181 1271 1220 et

218 1235 341 1348 Britunrpiu
349 1243 424 1350 tptum
431 1253 534 1295 versum,
544 1254 576 1285 ex
585 1254 632 1301 quo
640 1253 670 1285 ne
679 1239 776 1286 extundi
785 1238 879 1300 quidem
890 1238 967 1299 possit
974 1253 1029 1287 anua
1037 1239 1159 1297 sententia,
1168 1238 1272 1300 spurium

216 1317 270 1349 esse
280 1317 304 1348 rn
321 1317 358 1349 ιω
370 1335 376 1349 .

250 1368 291 1413 22.
308 1365 372 1420 Quid
382 1365 421 1412 bec
432 1366 516 1413 molum
521 1364 606 1432 fovebis
616 1374 723 1428 tanquam
734 1349 867 1415 concinnius
878 1367 1025 1414 commendat
1035 1367 1143 1416 Vossius.

232 1433 290 1542 ἐξ.
298 1429 377 1542 ‘dm'i'
385 1431 551 1492 opulentiuime
561 1432 676 1480 editiones
691 1434 742 1481 sere
757 1437 900 1480 omncsante
911 1430 1063 1494 scaligerum.
1078 1431 1204 1479 admodum
1215 1431 1273 1477 dure

217 1508 231 1541 e
281 1510 305 1556 gr
323 1511 356 1542 e.

218 1633 344 1695 deglutiet!
362 1633 424 1688 Quid
437 1632 508 1690 bunc,
518 1633 721 1701 molumscvetii?
769 1641 795 1687 7.
810 1641 849 1684 10.
860 1636 962 1699 Adelph.
974 1636 1018 1684 IV.
1028 1639 1053 1685 3.
1063 1640 1089 1686 4.
1100 1636 1177 1683 Plaut.
1194 1634 1274 1684 (luein.

217 1705 265 1752 Sed
273 1721 315 1754 cur
324 1722 367 1768 per
378 1706 436 1753 deos
445 1706 586 1755 immortales
593 1709 664 1756 istum
674 1709 721 1756 fer·
770 1711 792 1758 Ι.
805 1714 829 1756 1.
840 1713 864 1758 3.
874 1716 898 1757 et
909 1725 972 1772 saepe
980 1709 1119 1758 alibiurwtu
1126 1710 1275 1770 patrimonio,

217 1777 249 1824 tis
268 1783 293 1825 et
303 1777 424 1840 patimini?
440 1778 535 1834 muium,
545 1779 639 1842 elegans
651 1781 721 1842 purti-
771 1781 849 1843 opima
859 1787 884 1829 et
892 1782 1009 1842 opulento.

218 1851 273 1896 cula
281 1852 310 1898 de
321 1850 476 1898 irascentibus
493 1858 517 1898 et
533 1853 610 1900 subito
622 1869 675 1900 eum
686 1854 721 1900 in·
804 1857 843 1901 24.
861 1853 922 1901 Eone
941 1856 1037 1910 nomine,
1054 1868 1088 1900 sc.
1108 1859 1133 1899 ut
1148 1854 1276 1911 Mamurra,

216 1922 721 1990 dignationeinverbaerumpentibui.(n0s:
770 1928 834 1990 quod
850 1926 1011 1990 profunderet,
1022 1928 1126 1974 baberet.
1160 1927 1224 1974 Socer
1235 1940 1276 1989 ge·

218 1992 397 2057 lseynrHimmel
406 1995 426 2060 !)
442 1997 535 2044 Terent.
546 1997 721 2046 Heautcu.Ill.
770 2014 853 2062 iterque
871 2001 987 2047 cursaret
1002 1999 1139 2061 Pompeius.
1149 1999 1276 2060 perdidistis

216 2069 241 2115 7.
251 2069 292 2117 38.
312 2125 313 2129 ¹
325 2068 397 2126 Quid,
411 2068 504 2123 molum,
515 2085 548 2116 me
561 2078 722 2118 aetaremeenees
772 2073 865 2120 mnuiu?
881 2088 915 2121 sc.
927 2071 998 2118 bello.

218 2140 273 2188 cells
289 2142 314 2188 id
323 2141 498 2190 adsimutorier?
514 2144 544 2189 ci.
559 2144 663 2192 Eunucb.
676 2145 720 2191 lV.

641 2367 853 2416 4-

525 2592 788 2710 cinnum
827 2593 974 2676 xxx.

618 2780 663 2827 AD
680 2779 880 2828 AhPHRNUM.

221 2873 409 2986 Anrrruxu
421 2917 593 2983 immemor
607 2923 710 3004 atque
726 2899 890 2992 unanimis
910 2916 994 2984 fulse
1009 2914 1192 2994 sodalibus,

221 3031 301 3096 Jam
319 3036 354 3095 te
369 3028 418 3093 nil
434 3027 580 3107 miseret,
592 3027 686 3108 dure,
708 3028 758 3096 tui
774 3027 881 3132 dulcis
902 3027 1061 3096 amiculi:

221 3140 246 3208 J
249 3162 302 3207 am
316 3162 369 3206 me
385 3137 540 3226 prodere,
552 3141 624 3228 jem
638 3161 708 3206 nou
720 3139 853 3208 dubitas
866 3139 998 3223 fellere,
1010 3138 1149 3227 perfide.

225 3342 230 3348 ·
254 3328 379 3375 Flebiliter
399 3324 506 3387 queritur
521 3325 552 3372 de
567 3325 668 3390 perfidia
684 3327 726 3374 Al·
773 3328 890 3376 Gaeterum
910 3324 1061 3374 mollissimus
1078 3323 1104 3372 iu
1119 3324 1164 3372 lrcc
1180 3323 1280 3372 carmine

221 3400 301 3464 plreui,
314 3415 328 3446 u
339 3415 384 3460 quc
396 3413 449 3444 cum
465 3412 577 3445 summam
588 3398 613 3444 in
623 3397 727 3446 arctissi-
775 3415 859 3448 uncus
874 3406 966 3462 regunt,
982 3398 1022 3462 qui
1038 3396 1108 3445 fucile
1124 3403 1205 3458 tungri
1214 3406 1239 3446 et
1250 3399 1279 3444 nd

223 3480 262 3522 lna
281 3475 333 3534 ejus
351 3486 429 3518 secum
447 3476 566 3517 contractu
583 3470 686 3520 amicitis
702 3477 727 3519 et
775 3471 997 3520 commiserationem
1007 3477 1101 3517 moveat
1117 3469 1226 3519 animum
1243 3471 1280 3519 cf.

223 3543 370 3594 metimini
383 3542 430 3590 sibi
441 3544 496 3590 duta
506 3543 551 3589 lide
561 3550 657 3606 poneret
668 3544 727 3590 lidu-
775 3546 853 3594 curu.
862 3544 985 3593 LXXIII.

224 3617 294 3673 clam,
310 3616 412 3677 turpiter
427 3617 550 3680 deeeptus,
566 3621 591 3662 et
606 3615 631 3663 iu
642 3631 676 3672 re,
687 3615 728 3663 ubi
809 3622 833 3664 1.
848 3615 957 3679 Alpheae,
977 3615 1027 3663 sid.
1047 3615 1078 3662 sd
1099 3614 1177 3664 Germ.
1187 3661 1189 3668 ,
1199 3615 1234 3663 X.
1256 3620 1280 3662 1.

223 3691 324 3750 prebere
334 3688 375 3735 ille
389 3688 490 3735 debebit
508 3686 638 3748 praestitam
648 3687 728 3743 ddum,
775 3678 932 3738 immemores.
944 3687 1005 3735 datae
1017 3685 1079 3734 fidei.
1090 3674 1232 3751 unuinfclse
1247 3703 1281 3735 sc·

223 3751 313 3825 preter
336 3775 428 3806 emnem
449 3759 581 3820 cpiuicuern
602 3759 728 3806 derelictus
776 3761 872 3818 radon,
887 3761 911 3808 b.
919 3776 942 3807 e.
960 3760 1001 3822 qui
1015 3760 1096 3808 lullare
1113 3761 1177 3808 ecles
1188 3761 1281 3808 sodales

226 3842 275 3894 est5
289 3833 357 3894 cujus
373 3832 466 3893 quidem
485 3831 580 3878 violatae
598 3830 653 3878 lidei
671 3831 729 3879 dece
777 3832 906 3888 unanimos,
915 3829 1023 3896 ntfolrur
1033 3834 1110 3882 amieis
1121 3833 1184 3894 apud
1196 3831 1280 3879 cloud.

224 3906 313 3954 ultores
324 3911 348 3952 et
358 3903 464 3951 vindices
479 3903 528 3949 scre
538 3902 583 3950 sibi
592 3917 728 3964 persuasum
777 3905 845 3952 ocur.
854 3904 944 3951 Houor.
954 3904 1000 3951 IV.
1011 3907 1068 3952 778.

224 3979 303 4027 babet.
336 3976 400 4034 Quid
417 3975 476 4023 illud
486 3973 566 4030 luerit,
585 3974 626 4021 nbi
636 3974 729 4021 carullo
810 3979 834 4024 3.
844 3974 883 4023 Me
888 3977 990 4038 prodere,
999 3976 1022 4024 b.
1031 3992 1054 4024 e.
1059 3991 1096 4023 rne
1102 3976 1220 4030 deserere,
1226 3973 1281 4021 das*

225 4047 327 4099 defuerit
338 4048 467 4109 Alpbeuus,
484 4044 608 4095 concerto
623 4046 730 4094 affirmari
777 4048 871 4097 titnere.
904 4048 944 4097 Sic
961 4048 1016 4096 inlr.
1031 4057 1102 4096 earm.
1119 4045 1212 4094 LXIV.
1224 4049 1281 4094 190.

227 4128 315 4184 potest.
348 4122 457 4168 Fortasse
474 4121 577 4167 fraudem
594 4119 617 4166 ei
633 4119 689 4166 iecit
705 4118 729 4164 in
778 4121 880 4169 Ariadne
896 4137 922 4170 ee
941 4127 1009 4169 vocat
1023 4120 1170 4181 proditum,a
1188 4117 1281 4165 Theseo

227 4211 253 4244 re
263 4194 383 4248 curatoria,
394 4193 419 4239 in
431 4207 498 4254 quam
510 4194 540 4240 ab
556 4193 609 4254 ipso
620 4199 687 4239 suren
698 4190 730 4237 ir·
778 4194 901 4241 desertam.
913 4194 961 4242 vid.
972 4194 1077 4240 Grcncv.
1089 4191 1217 4238 Observat.
1231 4191 1282 4238 Ill.

227 4267 312 4316 retitus
329 4269 412 4324 fuerat,
422 4267 462 4313 cui
473 4267 565 4329 quidem
582 4266 686 4328 opinioni
696 4267 729 4311 iu·
779 4270 820 4314 ⁶20.
837 4275 862 4315 et
878 4269 955 4316 (ἔτει.
971 4267 1000 4315 ad
1017 4264 1093 4314 cicer.
1106 4279 1149 4327 pro
1161 4264 1190 4312 1..
1202 4263 1281 4312 Flsee.

229 4358 285 4392 vere
304 4341 422 4403 praesipue
444 4340 554 4407 videntur
573 4357 595 4388 v.
613 4343 638 4389 7.
660 4345 684 4386 et
705 4343 729 4386 8.
778 4354 801 4387 c.
812 4343 854 4388 41.
