2872 4972
290 757 560 847 HAN-DII
597 760 676 847 IN
717 756 1129 858 CA'I'ULLUM,

685 933 736 1010 &a

540 1177 892 1219 mun-¹¹⁸¹

187 1369 353 1467 Ηιιιιιι
367 1427 424 1468 ιιι
433 1407 495 1469 fata
504 1407 605 1469 libelli.
645 1407 728 1469 Inter
743 1426 794 1469 eos
809 1417 924 1466 veteres
938 1406 1108 1486 scriptores,
1116 1428 1166 1499 qur
1158 1407 1248 1483 long

186 1519 257 1581 gum
271 1519 324 1580 per
337 1510 453 1579 ternpus
469 1498 597 1581 neglecti
605 1503 773 1574 jacuerunt,
786 1510 822 1560 et
830 1499 860 1559 in
873 1497 990 1578 quibus,
1003 1509 1070 1577 post
1084 1519 1168 1559 curas
1182 1500 1243 1578 sin.
1278 1508 1284 1523 ⁸

186 1591 260 1677 gulis
274 1591 345 1652 locis
363 1592 518 1664 adhibitas,
531 1591 656 1673 plurima
677 1591 774 1653 adhuc
792 1591 931 1670 leguntur
945 1593 1070 1651 obscura
1089 1594 1246 1673 etdepra·

185 1694 262 1756 vato,
274 1685 382 1745 Catulli
394 1685 522 1747 carmina
533 1705 593 1749 non
612 1684 744 1745 ultimum
765 1684 864 1750 locum
885 1685 1029 1747 obtinent.
1071 1685 1187 1745 Etenim
1202 1706 1248 1755 ex,

186 1796 244 1855 quo
264 1776 362 1836 studia
373 1777 499 1838 virorum
514 1778 669 1837 doctorum
682 1777 801 1841 Latinis
810 1776 904 1856 politis
919 1775 1061 1855 occupari·
1072 1789 1237 1857 coeperunt,

185 1869 243 1931 alia
257 1871 353 1930 omnia
365 1870 468 1951 maiori
483 1870 635 1948 diligentia
648 1881 678 1931 et
692 1870 814 1931 cautiori
835 1868 905 1929 cura
925 1881 1040 1930 versata
1057 1882 1136 1951 sunt,
1151 1870 1245 1953 quim·

184 1962 273 2021 nostri
287 1966 384 2042 poetoe
398 1962 536 2023 carmina.
576 1963 704 2041 Jamjam
720 1962 904 2032 Parthenius,
918 1971 1038 2033 tantam,
1049 1962 1153 2042 inquit,
1168 1970 1249 2044 consl

184 2053 327 2114 fusionem
344 2066 376 2114 et
397 2056 616 2115 conversionem
634 2055 667 2113 in
679 2055 789 2115 Catulli
806 2054 979 2114 carminibus
1000 2054 1102 2126 fuisse,
1117 2066 1150 2114 ut
1162 2056 1187 2114 si
1201 2057 1247 2133 ab,

184 2148 284 2209 inferis
298 2160 400 2209 auctor
414 2159 609 2219 revocaretur,
623 2168 677 2207 sua
691 2168 750 2207 non
766 2158 843 2208 esset
857 2147 1016 2226 agniturus.
1058 2147 1124 2209 Nec
1138 2159 1239 2220 tamen

184 2240 208 2298 is
221 2241 325 2319 dignus
339 2252 411 2313 erat,
426 2241 476 2318 qui
486 2251 567 2322 tanta
581 2261 701 2301 casuum
716 2240 856 2300 varietate
866 2241 1039 2318 jactaretur,
1063 2251 1095 2300 et
1118 2240 1248 2321 sospita-7

184 2342 277 2393 torem
292 2333 341 2392 diu
355 2333 544 2395 desideraret.
584 2332 731 2413 Equidem
746 2353 799 2412 pro
814 2332 932 2393 Catullo
952 2337 1073 2413 ejusque
1086 2333 1247 2415 virtutibus>
1327 2360 1334 2371 ’

185 2426 295 2498 dicere,
310 2438 360 2487 aut
373 2447 442 2487 eum
454 2426 606 2509 flagitiosa
627 2426 797 2507 impuritatis
810 2425 918 2507 specie,
933 2426 992 2505 qul
1005 2438 1173 2506 suspectum
1186 2427 1245 2509 ¹²²?

184 2520 266 2603 bant,
277 2519 411 2592 liberare,
430 2538 491 2582 non
503 2520 584 2598 apud
596 2538 644 2577 me
659 2518 817 2588 constitui;
836 2538 893 2577 nec
912 2536 983 2576 curo
998 2537 1058 2588 eos,
1068 2518 1121 2596 >qui
1133 2518 1163 2576 in
1177 2538 1239 2577 mo·

184 2599 265 2672 ribus
278 2614 431 2691 poetarum
452 2611 554 2688 magis,
573 2631 660 2689 quam
680 2611 709 2668 in
727 2609 823 2670 verbis
836 2611 960 2679 haerent,
975 2619 1005 2668 et
1019 2609 1165 2689 ingenium
1177 2628 1238 2669 noa

185 2705 239 2764 nisi
232 2705 392 2784 'pudicum
411 2723 476 2765 esse
497 2704 608 2772 volunt.
651 2703 721 2772 Qui,
737 2721 899 2773 tereor,ue
914 2699 1071 2778 saepissime
1085 2699 1240 2771 fallantur3

186 2817 264 2868 nam,
278 2817 345 2876 quae
357 2797 434 2855 inter
446 2815 543 2855 mores
558 2806 588 2855 et
603 2795 763 2855 orationem
783 2793 939 2854 intercedit
960 2777 1159 2870 necessitudo,
1179 2811 1240 2851 non

184 2890 214 2949 in
229 2908 402 2970 quocunque
416 2891 513 2970 po‘e'ta
511 2887 561 2946 ita
576 2888 664 2958 valet,
678 2897 712 2946 ut
724 2887 762 2948 ad
776 2887 918 2964 regulam,
929 2886 1029 2946 nescio
1047 2905 1145 2963 quam,
1163 2882 1246 2965 exigi

185 2983 286 3086 possit.
341 2981 445 3041 Placet
457 2980 600 3052 Catullus,
613 2980 682 3065 quia
694 2979 862 3059 plurimam
876 2999 912 3039 eo
926 2980 1060 3065 placent
1093 2977 1217 3081 Atque'
1209 2996 1254 3071 ιιιν

185 3075 298 3155 magnis
312 3062 434 3152 ingeniis
456 3073 550 3133 multa
565 3072 758 3161 reperiuntur,
781 3071 885 3151 quibus
907 3091 1008 3132 eorum
1028 3069 1098 3129 vitia
1120 3069 1241 3148 expien-

184 3178 248 3238 tur,
269 3187 326 3229 nec
340 3167 428 3246 culpa
441 3165 586 3251 vitiorum,
601 3185 672 3250 qnae
685 3164 786 3225 saeouli
800 3164 929 3236 suntin
944 3153 1074 3252 singulos
1095 3162 1239 3235 homines,

185 3259 234 3339 qui
249 3259 281 3321 iis
294 3260 439 3333 laborant,
453 3259 559 3344 conj'rcr
551 3244 674 3329 'debet
767 3329 770 3333 ,

444 3388 504 3438 Nm
516 3395 604 3437 aarum
617 3403 670 3435 esse
680 3389 751 3435 decet
760 3387 826 3449 pium
839 3387 932 3448 po'e'mn

399 3477 402 3482 ⁴
443 3466 539 3529 Ipsam:
558 3464 689 3526 versiculos
701 3465 758 3511 nihil
768 3476 864 3523 amesae
876 3473 920 3512 ast.

226 3597 452 3683 Elegantissime
471 3603 600 3666 carmina
614 3600 784 3683 conscripsit
798 3603 941 3675 Catullus,
959 3601 1033 3662 mira
1054 3592 1249 3687 simplicitate¹

185 3707 221 3752 ac
235 3702 404 3764 venustate3
425 3713 521 3775 neque
542 3693 605 3773 ipse
625 3693 780 3754 destitutus
801 3705 864 3755 erat
886 3695 993 3773 ingenii
1011 3694 1050 3766 vi,
1063 3702 1129 3771 quae
1143 3712 1240 3772 neque

186 3796 279 3849 artem
290 3805 347 3847 nec
360 3785 488 3851 laborem
502 3781 628 3846 redolet.
668 3784 718 3845 De
732 3787 912 3866 negligentia
922 3797 952 3847 et
967 3786 1090 3846 audacie
1104 3790 1166 3863 ejus
1181 3807 1246 3859 non,

185 3895 245 3935 uno
259 3876 346 3935 modo
365 3886 462 3956 potest
476 3874 628 3956 disputari.
669 3879 744 3944 Quae
758 3898 828 3937 vero
842 3877 894 3936 viri
909 3878 987 3937 docti
1002 3876 1040 3937 de
1059 3896 1139 3935 care
1155 3877 1239 3936 dixe-

186 3970 263 4042 r'unt,
284 3984 395 4041 vereor,
421 3988 459 4028 ne
485 3968 644 4028 maximam
667 3979 781 4050 partem
809 3968 897 4031 nimia
925 3971 981 4029 sint
1008 3980 1097 4046 atque
1129 3969 1238 4048 iniqua.

188 4056 298 4121 Melius
313 4062 523 4127 consuluissent
536 4058 642 4141 politae,
657 4061 681 4122 si
696 4063 823 4121 carmina
837 4067 898 4136 ejus
923 4063 964 4121 ita
987 4061 1190 4131 restituissent,
1209 4072 1241 4120 ut

185 4154 324 4232 judicium
347 4155 462 4214 firmum
484 4173 521 4214 ac
544 4164 657 4218 certum
686 4156 724 4214 de
751 4155 786 4213 iis
814 4155 916 4214 haberi
939 4165 1049 4308 gosset
1091 4154 1239 4221 Quamdiu

957 4259 984 4309 st
1001 4246 1038 4306 de
1058 4247 1191 4308 universa
1208 4264 1241 4306 ra

1024 4342 1047 4387 “
1297 4356 1384 4624 Ι

189 4247 267 4307 enirn
281 4248 319 4307 de
333 4246 462 4327 pluribus
480 4247 613 4328 partibus
631 4245 789 4319 dubitatur,
805 4267 863 4308 non
885 4256 937 4329 pot
