2872 4972
428 591 993 697 PRAEFATIO.

603 838 817 888 -0—

185 984 422 1072 Puouauurr
439 1004 521 1070 mibi
538 1012 616 1070 ante
631 1004 746 1071 decem
770 982 875 1070 annos
897 1026 940 1070 ex
964 1003 1154 1092 disciplina,
1170 1026 1239 1094 qua

184 1114 219 1179 in
235 1113 350 1191 sobab
365 1114 525 1180 Portensi
540 1135 620 1179 usus
635 1114 777 1197 fueram,
791 1135 866 1178 cum
881 1113 983 1180 variae
1004 1135 1067 1179 nec
1080 1135 1129 1179 eae
1146 1115 1239 1179 inbo-

183 1233 301 1309 nesta,
316 1226 440 1313 quibus
455 1225 498 1290 ad
514 1226 682 1312 specimen
699 1223 838 1312 aliquod
855 1223 1008 1289 collectae
1030 1225 1112 1290 mibi
1127 1225 1239 1313 supel-

183 1333 311 1402 lectilis
332 1334 494 1401 litorariae
519 1335 683 1401 edendum
712 1334 914 1422 impellerer,
951 1357 1063 1400 causae
1086 1357 1240 1402 occurre·

183 1453 276 1526 rent,
291 1445 421 1511 animus
437 1468 542 1529 meus,
557 1467 657 1533 quem
673 1445 893 1532 Praeceptori,
905 1453 1066 1511 aeternum
1080 1447 1160 1512 mibi
1171 1447 1239 1513 Ve-

184 1554 346 1638 nerando,
358 1555 413 1620 Cl.
429 1555 580 1639 Bortbio,
594 1556 734 1621 Rectori
750 1577 839 1622 nunc
852 1554 975 1622 scbolae
986 1556 1162 1623 Portensis
1172 1581 1240 1624 me·

184 1664 354 1744 ritissimo,
371 1665 608 1752 patefeceram,
624 1667 774 1753 ejusdem
789 1688 893 1732 suasu
917 1675 952 1732 et
980 1676 1063 1733 nutu
1083 1667 1239 1734 inductus

184 1785 219 1843 et
242 1776 424 1842 inclinatus
439 1783 490 1840 est
512 1798 566 1860 eo,
583 1785 620 1842 ut
638 1776 771 1861 Catulli,
787 1799 931 1865 quocum
941 1782 1012 1868 jam
1027 1787 1097 1845 tum
1114 1788 1240 1845 arctam

184 1888 447 1954 familiaritatem
460 1895 707 1971 contraxeram,
725 1887 981 1976 Epithalamium
998 1890 1096 1957 Pelei
1108 1902 1140 1956 et
1157 1891 1240 1958 Tle-

184 2001 275 2082 tidor,
298 1997 424 2064 notulis
450 1999 532 2063 meis
556 1997 757 2063 instructum
779 1997 906 2085 publici
917 1999 1006 2085 juris
1028 2000 1182 2083 tacerem,
1204 2011 1241 2067 et

184 2116 319 2196 captum
334 2107 434 2172 simul
453 2129 573 2174 novam
589 2107 772 2196 aliquando
787 2109 893 2174 totius
908 2108 1036 2174 Catulli
1054 2109 1238 2177 adornandi

183 2218 369 2284 editionem
383 2219 560 2284 consilium
575 2241 809 2307 proponerem.
855 2219 896 2285 In
912 2242 980 2306 quo
991 2221 1126 2309 quidem
1144 2243 1239 2286 exse·

185 2329 320 2417 quendo
334 2329 478 2395 consilio
493 2351 558 2395 non
570 2330 791 2395 confirmabar
806 2329 914 2394 solum
920 2332 990 2417 jam
1000 2339 1083 2413 tum,
1098 2354 1173 2396 curn
1183 2334 1240 2419 ju·

185 2441 329 2509 venilem
345 2441 444 2506 istum
467 2440 617 2506 laborem
643 2441 748 2529 aequis
771 2451 806 2506 et
830 2441 960 2506 idoneis
983 2442 1100 2507 barum
1127 2465 1237 2508 rerum

185 2553 320 2618 arbitris
348 2551 439 2617 haud
469 2550 680 2639 displicuisse
710 2551 947 2641 intelligerem,
976 2551 1034 2617 sed
1061 2553 1240 2618 accedebat

185 2682 322 2752 quoquc
345 2662 469 2728 deindo
494 2662 676 2728 auctoritas
690 2662 779 2747 Viri,
802 2666 898 2752 cujus
922 2663 1103 2751 plurimum
1121 2644 1163 2728 'in
1187 2664 1239 2729 bis

183 2774 282 2839 robus
295 2772 389 2839 valet
396 2771 575 2862 judicium,
590 2774 717 2838 Summi
727 2773 872 2862 Heynii,
887 2773 946 2860 qui
959 2774 1094 2860 cognita
1109 2796 1147 2838 ac
1161 2796 1238 2861 pro·

183 2883 271 2967 bata,
299 2905 400 2972 quam
424 2892 601 2949 secuturus
627 2905 730 2967 eram,
753 2884 999 2972 interpretandi
1023 2884 1166 2967 ratione,
1194 2884 1238 2950 ad

183 2993 371 3059 inchoatam
384 2991 516 3059 Catulli
527 2991 709 3059 editionem
723 2998 860 3059 strenuo
874 2991 1110 3059 absolvendam
1122 2994 1240 3058 huma·

183 3104 316 3170 nissime
330 3103 515 3191 instigavit,
539 3108 574 3167 et
599 3102 682 3168 mira
703 3102 851 3190 quadam
880 3103 1056 3169 alacritate
1086 3104 1241 3192 implevit

184 3215 341 3280 animum.
385 3212 463 3277 Nec
478 3210 660 3277 retundere
674 3220 815 3277 conatus
832 3235 923 3279 meos
940 3212 995 3278 vel
1018 3213 1165 3279 animum
1189 3214 1240 3280 in·

184 3324 329 3413 fringere
346 3321 457 3412 potuit
480 3309 677 3388 vociferatio
703 3343 828 3401 eorum,
853 3324 913 3409 qui
938 3321 1085 3389 lectione
1106 3323 1237 3390 Catulli

184 3435 310 3501 animoa
319 3437 485 3524 juvenum
500 3432 670 3518 corrumpi
685 3442 720 3497 et
738 3433 844 3498 bonos
860 3455 977 3499 eorum
994 3456 1105 3500 mores
1120 3435 1239 3522 depra-

183 3542 252 3611 tari
266 3552 409 3632 crepant
423 3549 459 3608 et
473 3541 668 3621 clamitant3
692 3564 767 3609 cum
781 3542 837 3609 vel
856 3565 897 3609 ea
922 3543 966 3609 ad
981 3553 1172 3634 susceptum
1189 3546 1239 3613 la-

184 3651 297 3721 borem
320 3653 551 3721 excusandum
567 3653 719 3720 sufficere
744 3653 933 3735 videantur,
954 3677 1031 3744 quae
1054 3663 1122 3721 tam
1138 3658 1239 3747 Hep-

183 3767 250 3830 m'aa
264 3765 299 3830 in
316 3766 447 3852 praefat.
470 3764 513 3829 ad
527 3764 659 3831 Tibull.
683 3765 764 3831 edit.
781 3765 893 3853 prim,
904 3765 1005 3852 quiam
1024 3766 1183 3833 Bormiae
1202 3770 1236 3835 in

183 3873 380 3960 prefatione
395 3874 439 3940 ad
454 3874 673 3964 Propertium
693 3876 833 3964 egregie
847 3875 899 3942 bis
919 3877 1165 3964 objectionibus
1186 3903 1238 3947 re·

183 3985 397 4074 spondemus,
411 3996 447 4052 et
455 3989 602 4075 juvenes
612 4008 772 4053 venerum
788 3987 994 4075 politicarum
1010 3987 1177 4054 studiosos
1192 3991 1235 4056 ad

183 4111 237 4163 eos
248 4118 384 4188 quoque
400 4101 532 4186 politas,
557 4097 667 4186 quiin
683 4099 784 4163 rebus
804 4097 991 4163 levioribus
1015 4105 1049 4162 et
1065 4101 1236 4165 amatoriis

182 4205 350 4294 ingenium
364 4215 602 4292 exercuerunt,
628 4207 731 4275 animi
747 4214 783 4275 at
797 4206 1031 4276 delectationis
1046 4230 1146 4275 causa
1161 4218 1236 4295 post
