2872 4972
435 404 438 407 .
507 363 511 369 ’
545 338 782 408 GARMEN
793 339 892 406 tu..

319 524 399 609 Ille,
413 524 442 591 si
454 524 504 592 fas
524 529 588 608 est,
601 521 896 610 supercrevisse,
912 578 917 587 ,

189 686 299 749 plicando
315 688 360 736 boo
371 686 472 735 carmine
482 701 538 736 rere
553 691 578 734 et
588 683 690 749 turpiter
722 665 726 670 Δ

190 760 257 808 abusi
274 767 328 807 sunt
346 762 398 818 otio,
409 759 450 820 qui
465 775 519 809 oum
533 757 689 810 ,norwalli-

189 847 234 879 mae
245 833 347 893 strophae
358 846 411 879 cum
428 839 505 880 cetero
516 831 619 893 cumina
636 846 689 879 sen·

189 920 217 951 su
229 920 272 952 suo
281 920 327 952 non
338 911 433 968 possent
447 901 688 966 asseqni',insnisisai·

189 992 227 1024 ma
245 977 275 1023 ad
294 977 355 1025 buno
371 976 560 1025 locumvendere
574 975 687 1023 etieoto·

188 1048 253 1096 ribus
264 1049 389 1096 obtrudere
401 1063 447 1095 nou
456 1045 688 1115 erubescerentjudi·

189 1119 234 1169 oia.
267 1121 307 1168 Sic
316 1120 402 1168 Vossius
411 1119 528 1167 Catullum
539 1119 583 1167 otio
593 1118 617 1166 in
627 1118 687 1165 adeo

188 1192 253 1239 tenni
269 1208 305 1248 re,
328 1191 439 1240 vomendo
450 1191 559 1253 Sapphus
579 1190 688 1247 carmine,
704 1237 708 1248 ,

189 1263 280 1313 diutius
298 1266 363 1314 abuti
382 1265 499 1311 nolentem
519 1263 643 1326 abrupisse
663 1269 688 1311 et

190 1334 234 1382 boo
250 1337 342 1384 nomine
364 1337 470 1385 ultimam
490 1336 606 1397 stropham
622 1334 689 1383 addi·

188 1408 252 1455 disse
266 1416 353 1465 censet,
372 1425 418 1471 quo
430 1408 488 1470 quid
498 1408 601 1473 ineptius
611 1423 624 1458 a
636 1409 694 1457 uiro

188 1481 259 1528 docto
275 1481 319 1528 vix
334 1482 383 1528 dici
399 1488 423 1528 et
436 1481 570 1527 inmedium
587 1480 688 1541 proferri

187 1552 265 1614 potuit
270 1571 278 1614 ;
295 1554 345 1611 alii,
356 1553 397 1614 qui
408 1553 502 1600 mollins
513 1553 544 1599 de
555 1553 641 1600 Catulli
651 1553 687 1599 in·

188 1626 256 1686 genio
267 1627 386 1680 sentirent,
394 1626 547 1687 fragmentum
556 1630 619 1672 certe
628 1625 687 1673 alius

187 1698 303 1752 carminis,
314 1700 381 1759 cujus
395 1700 487 1746 initium
497 1698 603 1759 perierit,
621 1705 687 1759 pnta·

185 1772 352 1826 runt-Hand
362 1787 415 1819 raro
427 1770 535 1821 nimirum
545 1772 631 1819 facturn
641 1780 687 1828 est,

187 1850 215 1890 ut
224 1842 249 1891 in
256 1843 315 1890 locis
322 1843 441 1904 poetarum
450 1842 620 1905 pulcherrimis,
626 1859 687 1904 prae·

187 1915 257 1976 cipue
266 1916 304 1972 iis,
322 1916 362 1963 ubi
376 1921 504 1964 amatorum
514 1917 584 1962 modo
594 1917 687 1964 terren·

187 1987 279 2036 tissime
288 2003 365 2036 amore
371 1987 524 2049 flagrantium,
532 1987 602 2035 modo
611 1987 686 2035 eidem

186 2059 378 2114 renunciantium,
400 2061 487 2107 modo·
498 2058 687 2121 supplicantium,

187 2132 257 2178 modo
276 2132 467 2192 superbientium,
482 2132 552 2178 modo
570 2131 686 2179 laudanti·

187 2220 235 2261 nm,
246 2203 315 2251 modo
331 2202 510 2265 objurgantium,
526 2203 597 2250 modo
609 2205 686 2251 exsul·

186 2276 293 2334 tantiam,
304 2276 373 2323 modo
389 2274 527 2332 dolentium,
547 2275 642 2337 egregie
660 2293 686 2325 se

185 2349 287 2397 invicem
305 2347 371 2410 qussi
385 2349 505 2395 trudentes
523 2346 593 2394 animi
609 2355 686 2397 motus

186 2421 293 2484 expressi
310 2434 435 2482 eorumque
447 2418 561 2480 imagines
573 2418 635 2467 vivis
646 2434 686 2466 eo-

185 2493 276 2540 loribus
284 2492 425 2539 adumbratas
433 2496 495 2548 sunt,
506 2490 601 2553 egregie
613 2492 686 2540 ballu-

186 2566 317 2614 cioarentur
325 2580 405 2614 aarum
414 2565 554 2626 interpretes
566 2570 590 2612 et
600 2565 687 2613 frustm

107 2692 110 2699 ,
186 2639 352 2700 cogitationum
368 2653 456 2686 nexum
478 2645 608 2698 querentes
626 2638 686 2685 istos

185 2713 250 2760 locos
261 2712 431 2774 impugnarent,
440 2711 569 2766 turbarent,
578 2710 686 2758 laxarent

187 2786 225 2832 vel
234 2791 298 2832 certe
305 2783 507 2844 reprehenderent.
534 2782 685 2844 Quaquidem

185 2859 210 2905 in
221 2873 247 2904 re
258 2871 307 2918 prce
318 2856 403 2904 ceteris
417 2855 496 2901 turbas
512 2855 606 2902 dedisse
622 2871 686 2920 mog·

186 2947 241 2977 nam
252 2928 392 2990 Sculigarum
404 2942 434 2974 ex
446 2928 498 2986 ejus
511 2927 685 2987 trajectionibus

184 3004 209 3049 in
219 3001 310 3049 Tibullo
322 3006 346 3047 et
355 2999 480 3062 Propertio
490 2999 600 3048 audacter
611 3008 684 3049 tenta·

185 3077 217 3124 tis
228 3075 284 3123 satis
295 3079 393 3121 constat.
419 3075 451 3120 At
462 3073 567 3134 proiecto
579 3087 623 3120 non
635 3073 685 3122 sola

184 3147 296 3197 doetrinae
311 3145 379 3207 eopia
389 3143 469 3207 [quam
480 3145 532 3206 quis
544 3143 607 3193 ausit
616 3147 684 3194 dero·

187 3238 242 3284 gare
253 3214 473 3283 Scaliger0,Vossio
482 3225 506 3264 et
517 3215 596 3280 aliisi]
607 3217 631 3265 in
642 3234 684 3267 ex-

186 3293 300 3356 plicandis
320 3292 440 3354 poetarum
461 3290 602 3338 carminibus
616 3292 695 3352 Jove»

186 3383 245 3423 mur,
256 3366 298 3415 sed
311 3364 412 3412 feliciter
428 3363 452 3410 in
463 3362 494 3411 iis
504 3362 684 3427 interpretandis

184 3435 684 3497 versatari,eorumsensnmpotiusquasiiu·

183 3513 264 3568 duem,
272 3526 352 3558 eorum
358 3517 443 3557 statum
452 3515 476 3556 et
483 3506 638 3556 conditionem
644 3523 684 3556 su·
694 3547 696 3551 ,

185 3585 236 3632 bire
246 3591 270 3630 et
278 3585 302 3630 iu
314 3583 390 3630 auimo
398 3589 479 3628 nostro
487 3580 596 3628 incorum
605 3580 684 3628 iocum

184 3673 228 3704 nos
240 3670 360 3716 surrogare
371 3654 491 3704 debemus.
523 3655 551 3700 ln
559 3667 684 3715 quamrem

185 3730 249 3786 vide,
265 3743 316 3790 quse
327 3727 438 3788 praeclare
448 3726 555 3787 disputat
565 3724 644 3788 Hegea
653 3726 684 3772 ad

185 3802 271 3850 Tibull.
282 3800 313 3848 de
320 3799 398 3847 codic.
406 3806 431 3847 et
439 3799 505 3847 editt.
513 3815 538 3860 p.
546 3798 618 3848 XVI.
627 3798 684 3847 edic

184 3892 240 3923 nor.
263 3873 331 3920 idern
353 3872 416 3919 valet
436 3872 467 3919 de
489 3870 570 3919 ultima
588 3870 685 3933 strupbs

186 3949 245 4009 sega
261 3940 384 4008 egelaus
399 3941 494 3992 carmini
504 3947 584 3990 nostro
596 3942 684 4001 addita,

185 4034 231 4080 qna
252 4033 283 4064 ex
300 4030 353 4063 meo
375 4013 469 4076 quidem
492 4029 562 4062 sensu
583 4013 685 4062 maxima

185 4089 277 4138 omniuo
294 4087 371 4136 eidem
387 4085 526 4133 conciliatur
542 4085 643 4147 dignitas
659 4092 684 4132 et

186 4165 302 4222 majestas.
335 4159 427 4220 Quodsi
442 4157 503 4206 enirn
523 4157 565 4204 tibi
587 4156 683 4206 finxeris

185 4234 312 4289 Catullum,
323 4248 374 4279 oum
386 4230 537 4278 initiationem
544 4229 682 4292 Sapphicam

187 4306 216 4353 ad
229 4304 336 4354 Lesbiam
353 4320 418 4352 suam
434 4301 569 4361 translatam
579 4315 644 4366 paeue
655 4301 684 4357 ti·¹

739 683 824 742 eierat,
839 680 922 732 seriori
931 679 1079 744 'eogiufflue
1096 679 1203 730 instituta
1213 689 1239 732 et

739 773 817 808 caum,
828 756 905 809 insani
921 755 1006 809 amoris
1023 755 1201 816 etiseptiarum
1212 754 1238 804 in

738 832 782 880 otio
791 830 893 888 inventa,
902 834 958 891 post
964 829 1036 876 breve
1043 827 1156 892 temperis
1166 828 1238 878 inter·

739 904 825 953 vallum
833 903 857 950 in
867 902 918 950 aee
929 901 1001 950 rerba
1011 899 1117 962 erupisse
1128 918 1134 947 :

773 1007 858 1065 Otium,
869 1005 967 1064 Catulle,
981 1004 1023 1055 tidi
1030 1003 1144 1054 melmun
1154 1015 1195 1066 est,

738 1123 800 1172 baud
812 1120 871 1178 seio,
888 1137 916 1169 au
927 1119 966 1170 bie
976 1120 1044 1168 locus
1054 1119 1116 1169 inter
1126 1129 1239 1184 pressam

736 1195 841 1244 tissimus
848 1193 935 1243 cauti
945 1193 1139 1249 locosbsbendus
1151 1201 1176 1244 et
1186 1213 1240 1257 gra·

737 1266 811 1315 vitate
828 1266 923 1314 'ceteris
945 1265 1053 1313 omuibus
1077 1267 1237 1326 preferendos

737 1340 768 1387 sit
774 1339 845 1386 ?-1n
864 1339 947 1386 endem
965 1336 1034 1386 animi
1045 1343 1115 1396 statu,
1126 1354 1173 1400 quo
1182 1341 1239 1390 ulti·

737 1426 775 1460 me
784 1412 854 1472 buJus
863 1409 973 1470 carminis
986 1410 1083 1472 smopba
1093 1411 1181 1473 scripta
1192 1420 1238 1474 est,

737 1484 849 1545 scriptum
870 1483 939 1531 etiam
959 1482 1055 1531 ridetur
1073 1483 1150 1532 Germ.
1162 1486 1237 1536 vni:

738 1555 808 1603 Miser
823 1553 922 1612 Gotulle,
938 1555 1026 1602 desines
1040 1556 1147 1616 ineptire:
1164 1558 1237 1607 etsie

737 1643 801 1689 supe
810 1628 872 1688 apud
883 1633 986 1675 amantes
999 1635 1155 1688 repugnantes
1165 1630 1236 1692 plane

736 1699 839 1747 invicem
851 1716 877 1747 se
889 1699 1010 1760 excipiunt
1018 1697 1085 1746 animi
1097 1708 1179 1750 motus.
1196 1704 1236 1752 Sic

735 1773 844 1822 'tibullus
852 1774 875 1821 1.
890 1777 915 1821 4.
923 1774 1030 1821 75-81.
1044 1771 1085 1833 qui
1102 1775 1172 1822 ruodo
1184 1777 1236 1837 Jac-

736 1851 812 1894 tanter
829 1861 855 1892 se
872 1844 994 1907 protessus
1011 1845 1236 1907 tueratnaagistrum

737 1918 823 1980 spretis
833 1917 983 1972 amatoribus,
995 1921 1019 1964 et
1037 1915 1134 1965 cuilibet
1149 1934 1176 1966 ss
1186 1920 1238 1980 adiq

736 1996 788 2038 turo
799 1989 900 2036 Veneris
910 1993 1028 2051 praecepta
1037 1988 1184 2049 promiserat,
1196 2007 1240 2040 eo·

734 2063 789 2110 dem
802 2062 850 2108 sere
867 2067 984 2108 momento
1002 2075 1027 2106 v.
1038 2063 1078 2109 82.
1098 2060 1152 2108 intr.
1169 2063 1236 2122 sarit,
1332 2088 1334 2092 ·

735 2149 780 2182 neo
796 2134 845 2181 ulla
861 2138 911 2180 arte
926 2132 1040 2180 indomito
1057 2132 1143 2179 amoris
1162 2135 1237 2184 furori

734 2204 844 2254 resistere
857 2210 944 2267 potest.
977 2204 1017 2252 Sic
1027 2204 1090 2266 apud
1100 2198 1244 2256 Terentium

734 2277 759 2325 in
771 2278 883 2326 Eunucho
890 2274 1004 2332 Phaedria,
1012 2275 1037 2323 in
1045 2278 1113 2338 eujus
1120 2278 1179 2326 mira
1184 2287 1236 2328 arte

735 2350 870 2398 adumbrato
887 2350 1021 2396 charactere
1035 2349 1235 2400 absolutissimum

735 2422 786 2469 reri
796 2420 906 2480 amatoris
918 2421 989 2469 babes
1007 2420 1149 2482 exemplum,
1164 2425 1234 2480 modo

735 2499 826 2550 estuat,
838 2493 907 2540 modo
926 2493 996 2541 animi
1010 2493 1131 2541 mollitiem
1146 2495 1234 2556 ejicere

735 2571 818 2619 tentat,
829 2565 897 2612 modo
906 2566 936 2614 ad
942 2565 1064 2626 pristinam
1075 2564 1187 2616 insamam
1193 2584 1235 2620 re·

734 2636 862 2686 dit-Nee
872 2637 978 2684 tamenin
987 2651 1064 2684 amore
1075 2643 1163 2688 tautum
1171 2641 1238 2702 ejas»

734 2708 797 2757 modi
809 2709 971 2757 conversiones
981 2710 1044 2770 apud
1056 2718 1186 2772 magnoaet
1197 2713 1233 2774 lg.

733 2783 795 2830 rioos
813 2783 931 2844 praeoipue
948 2781 1030 2843 poiitas
1048 2781 1127 2830 locum
1139 2784 1233 2843 habeut,

734 2856 777 2904 sed
789 2856 860 2903 etiam
870 2855 895 2901 in
906 2853 1034 2902 moranus
1044 2854 1098 2902 aliis
1108 2871 1184 2904 rerum
1195 2872 1233 2906 ar-

734 2928 848 2990 gumentis
868 2942 921 2975 cum
940 2924 1085 2988 gravioribus
1104 2933 1159 2978 turn,
1170 2928 1244 2977 ludi-n

733 3001 788 3049 eris.
806 3001 846 3048 Sic
865 3001 953 3048 Noster
972 3014 1043 3060 supra
1052 2999 1129 3047 carm
1140 3000 1231 3052 xxrl.

733 3077 857 3135 postquam
879 3071 940 3120 salse
954 3071 1123 3133 perstrinxerat
1141 3073 1244 3124 Snd'eni.

733 3141 857 3208 φιλαυτίαν,
863 3150 957 3205 repente
968 3143 1033 3190 adse
1044 3143 1106 3192 redit
1117 3159 1178 3194 vers.
1191 3149 1246 3197 18Η

733 3218 809 3266 ubief.
817 3216 1065 3280 argumentum-Sed
1073 3215 1127 3265 utin
1134 3217 1231 3281 gratiam
1242 3257 1247 3269 .

732 3291 826 3340 redeam
835 3291 932 3348 cumiis,
941 3289 1026 3352 quibus
1034 3290 1097 3338 levia
1104 3291 1231 3354 torte,quss
1240 3332 1242 3337 ,

733 3363 758 3411 in
770 3363 887 3410 hamorem
898 3369 1005 3411 attexere
1015 3362 1124 3419 sustinui,
1134 3364 1232 3414 videan-
1243 3406 1246 3413 .

733 3441 780 3491 tar,
801 3451 916 3497 apponam
931 3451 992 3483 nune
1003 3435 1109 3496 Sapphus
1124 3434 1232 3493 odmios,

733 3509 857 3572 utlegitur
871 3509 931 3556 illud
946 3508 1008 3570 apud
1024 3508 1125 3570 Langia.
1145 3524 1176 3557 ex
1191 3523 1232 3560 ree

734 3581 842 3629 censione
857 3581 920 3629 Mori
932 3596 957 3642 p.
969 3583 1074 3631 62-66.

733 3721 831 3772 mmet
839 3741 879 3787 psas
888 3722 996 3779 simine
1005 3721 1087 3772 θεοῖσιν

731 3791 825 3858 'Buram'
834 3797 891 3859 aig,
900 3793 961 3852 i'essese
968 3793 1057 3851 lssrrlae
1067 3813 1102 3843 'ras

731 3866 813 3933 'idcina
829 3866 866 3915 sal
882 3864 980 3916 umiae
994 3867 1034 3915 dd)
1049 3866 1126 3929 pusi·

765 3957 808 3996 ese
824 3938 934 3996 mandri,

733 4012 775 4060 Kal
784 4013 859 4073 >aldit
869 4011 954 4076 lpspiav·
964 4009 1034 4074 'ripaei
1045 4013 1087 4060 nde

733 4082 821 4147 Kagilsa
831 4084 851 4133 is
861 4082 967 4139 erldsro
976 4082 1089 4132 tertam

732 4155 774 4210 'ue
782 4159 824 4220 γὰρ
835 4156 882 4203 side
891 4171 926 4212 rs,
937 4149 1032 4222 βρυχίης
1041 4173 1073 4219 με
1084 4157 1154 4219 pessi:
1247 4196 1249 4201 Α

765 4227 829 4276 otto
839 4225 871 4275 ἔτ’
880 4225 939 4284 issu·

733 4299 906 4374 ’Am-semsi!
914 4300 1078 4362 saussaium·
1088 4298 1172 4365 lamb
1179 4301 1199 4350 δ’
1246 4346 1249 4354 ,
