2872 4972
148 418 151 428 ,
183 354 227 423 16
391 355 597 424 HANDII
628 356 690 425 IN
718 356 1026 428 CATULLUM
1071 372 1081 396 ³

180 541 253 619 prod
264 541 383 606 virorum
391 565 403 610 ,-
425 541 541 601 Aldinae
554 552 667 603 etcum
687 542 724 605 iis
737 541 802 604 aliae
819 555 998 625 receperunt
1020 545 1097 606 hacc
1116 553 1241 605 conec:

180 633 289 695 tionem
299 633 350 704 ita,
365 637 547 711 quodcunque
560 637 664 713 quidm
674 658 723 696 oro
734 658 787 712 per
799 639 928 697 virorum.
968 638 1070 699 Lucas
1082 637 1239 698 Fruterine

180 725 222 799 (tn
236 726 391 786 Verisimil.
406 726 449 785 11.
461 746 488 786 c.
496 727 562 802 ult)
573 727 679 789 eodem
693 727 756 789 lere
771 728 861 788 modo
876 731 1010 800 correxit,
1017 751 1068 806 per
1078 751 1131 791 oro
1142 731 1236 808 uulgi.

181 819 346 897 Utrumque
358 838 447 896 qnam
460 819 590 899 ineptum
604 821 651 891 sit,
662 842 722 880 non
734 842 808 901 opus
822 832 867 882 eat
879 823 1008 901 pluribus
1022 823 1237 884 demonstrem·

182 911 292 973 Statius
306 931 386 982 vero,
402 933 468 972 cum
482 913 512 970 in
528 913 621 973 MSS.
634 914 715 974 libris
729 934 761 974 se
776 915 921 974 invenisse
938 915 1070 986 dixisset,
1089 918 1238 993 malecun-

178 1026 231 1085 με
250 1007 324 1082 qaod
342 1015 461 1081 patrono
483 1007 564 1083 virgo
581 1009 626 1085 (ut
641 1007 750 1085 legitur
768 1007 799 1065 in
818 1007 887 1066 cod.
905 1008 1068 1067 Drasdensi
1089 1005 1236 1086 quoqne),

178 1121 285 1165 novam
299 1101 475 1161 emendandi
495 1103 680 1164 occasionem
695 1102 823 1182 praebuit
836 1103 904 1162 viris
918 1103 1024 1163 doctis.
1063 1103 1145 1181 lpse,
1159 1101 1237 1161 alio-

178 1213 245 1257 rum
264 1194 495 1254 correctionibus
509 1195 595 1254 metri
609 1215 696 1254 cauca
708 1195 839 1272 rejectis,
853 1194 1037 1265 emendarit,¹
1050 1216 1077 1272 q.
1090 1196 1164 1271 qood
1180 1203 1234 1264 ert,

174 1294 296 1364 patrono
309 1287 409 1363 ougo,-
431 1286 564 1365 Scaliger
587 1287 644 1346 levi
668 1287 829 1346 mutatione
853 1287 920 1347 lites
943 1307 975 1347 re
997 1306 1176 1367 conponere
1195 1306 1236 1346 ex

178 1397 261 1440 more
275 1378 397 1455 putavit,
408 1379 551 1449 scribens,
565 1380 685 1454 patrimo
699 1380 788 1456 uirgo,
802 1379 912 1459 quoda
925 1379 1057 1459 pluribus
1065 1389 1235 1458 receptum

178 1469 337 1549 Meleager
350 1470 450 1539 voluit,
473 1472 544 1546 qood
560 1492 576 1530 o
590 1472 719 1530 Peranna
731 1472 823 1549 uirgo.
867 1472 1071 1533 Recenriuimi
1092 1471 1235 1545 editores,

176 1562 263 1626 nimis
273 1563 379 1633 securi,
391 1563 518 1623 lectione
529 1565 601 1640 quod
613 1585 628 1622 o
640 1572 758 1638 potrortr
772 1565 852 1642 uirgo
865 1565 1087 1643 acquieverunt.
1128 1565 1235 1625 Patro.

177 1675 242 1718 etro
260 1675 331 1716 vero
354 1656 486 1733 virginem
507 1654 684 1733 antiquiores
707 1655 887 1735 interpretes
915 1656 1099 1735 explicarunt
1120 1665 1234 1734 compe·

177 1748 289 1807 tidelm
302 1767 396 1815 meam,
417 1746 475 1817 vel,
491 1756 564 1804 tuam
578 1747 829 1823 (Cornelilcioem.
867 1752 1010 1809 Attamen
1030 1749 1101 1820 aliis,
1122 1749 1234 1829 puelle

175 1839 340 1920 puccinio
350 1858 410 1899 non
423 1839 577 1911 contentis,
592 1841 657 1899 deae
667 1841 878 1902 videbanturin
889 1861 1008 1902 scenam
1018 1842 1232 1921 producendae,

177 1948 245 2010 quoe
264 1950 368 1991 vereor
387 1950 427 1989 ne
441 1929 575 1990 machina
588 1930 713 1990 admotae
725 1931 794 1989 sint.
835 1930 1009 1991 Parthenius
1031 1942 1063 1992 et
1084 1931 1233 1993 Palladius

174 2021 341 2101 iratelligunt
355 2023 476 2094 Musam,
486 2028 637 2101 poetarum
646 2032 810 2101 patronam:
830 2023 889 2093 alii,
904 2023 982 2082 inter
993 2043 1067 2103 quos
1076 2024 1231 2088 Garum

175 2124 208 2177 et
232 2115 421 2193 Doeringius,
446 2115 602 2182 Mareroom
621 2125 788 2191 patrorumr
816 2115 950 2193 Scaliger
974 2125 1004 2176 et
1025 2116 1148 2195 Vulpiue
1169 2117 1234 2177 Mi·

151 2285 156 2293 Ι
173 2229 283 2269 serrem
296 2217 504 2284 porretanum
530 2206 602 2271 Ant.
619 2206 783 2273 Sabellicus
795 2207 839 2288 (in
853 2218 952 2268 annot.
970 2208 1008 2268 ad
1025 2208 1163 2269 Plinium.
1177 2208 1231 2272 vd

174 2301 297 2365 (lintei
314 2299 443 2378 Lampas
457 2299 483 2358 1.
497 2319 526 2378 p.
543 2304 624 2376 162.)
648 2299 770 2359 Diem
781 2308 920 2376 parmam,
934 2298 954 2360 i.
969 2320 995 2360 e.
1009 2319 1029 2359 a
1040 2310 1121 2379 patre
1135 2301 1231 2361 mmi-

173 2403 295 2463 natam
317 2393 440 2453 Vossius
457 2392 487 2451 V
485 2400 579 2462 oram,
596 2391 645 2452 cui
659 2411 756 2453 rerum
771 2392 898 2452 omnium
911 2393 1046 2471 primitiae
1060 2392 1231 2463 offerantur,

174 2485 360 2547 Mencken'rs
369 2486 422 2559 <ad
434 2484 575 2544 Antonin.
589 2484 718 2544 Liberal.
730 2504 757 2545 c.
769 2483 832 2562 40.)
846 2486 994 2564 vulgatam
1007 2485 1166 2546 lectionem
1175 2487 1231 2547 dc·

172 2578 309 2650 seruiens,
329 2579 498 2639 Minervam
516 2589 603 2658 putat
615 2579 675 2638 dici
688 2589 852 2658 patronam,
867 2563 947 2657 duod
960 2579 1082 2658 opifices
1098 2589 1133 2639 et
1146 2580 1230 2643 docti

172 2676 228 2735 ιώ
252 2676 317 2752 ejus
336 2673 500 2752 patrocinio
520 2674 589 2745 sint,
617 2684 717 2733 tamen
734 2672 820 2732 addit
847 2672 1091 2743 emendationem,
1110 2692 1231 2748 pomo

173 2771 263 2848 virgo.
306 2769 454 2847 Equidem
472 2768 538 2828 haec
556 2767 752 2838 contrariae
770 2764 898 2825 incidam
916 2764 948 2822 in
960 2763 1149 2843 negligentiae
1160 2783 1229 2824 ao*

172 2861 335 2942 picionem;
358 2860 481 2938 ineptias
493 2858 622 2939 pluribus
637 2859 782 2917 illustrare
794 2877 856 2916 non
869 2857 986 2918 attinet.
1025 2856 1193 2919 Minervam
1207 2876 1229 2919 a

171 2959 262 3034 potita
274 2952 403 3013 invocari
416 2971 512 3031 posse,
531 2971 590 3012 non
605 2960 675 3021 erat,
690 2949 770 3028 quod
782 2948 880 3008 multis
895 2950 1137 3009 demonstrarent.
1180 2949 1227 3016 At

175 3045 308 3106 Catullus
322 3065 380 3104 nou
394 3045 489 3124 potuit
504 3063 569 3103 eam
587 3042 629 3102 ita
646 3043 794 3112 invocare3
814 3052 847 3099 ut
865 3042 923 3101 hoc
944 3041 1011 3100 loco
1027 3040 1134 3103 fecisse
1156 3060 1227 3105 eum

172 3147 289 3217 putant.
318 3138 408 3204 Quod
426 3156 501 3197 unus
518 3135 648 3197 omnium
668 3133 793 3193 sensime
807 3131 922 3193 videtur
937 3132 1084 3212 Raphael.
1100 3132 1226 3216 Eglinna

171 3230 291 3295 Iconius
301 3230 364 3306 (qui
378 3229 487 3291 Catulli
502 3238 585 3289 casta
597 3226 725 3287 cumina
743 3224 837 3285 edidit
852 3223 1052 3301 1603.)·hanc
1074 3223 1226 3303 profereus

173 3321 418 3392 emendationem,
437 3322 493 3382 etsi
506 3341 567 3381 non
587 3319 777 3399 probandam,
799 3327 899 3386 tamen
911 3326 1072 3378 memoratu
1085 3316 1226 3396 dignamr

71 3441 73 3445 ⁷
172 3417 353 3494 pedecuaque
366 3416 439 3491 qood
447 3423 498 3486 est,
510 3421 635 3490 patrone,
653 3431 704 3487 per
716 3419 744 3469 te
753 3411 818 3486 plus
831 3431 883 3469 uno
896 3414 950 3469 llic.
990 3408 1130 3471 Minerva
1140 3410 1227 3490 quod

171 3526 190 3567 a
202 3512 291 3586 po'eta
303 3525 363 3567 non
380 3505 434 3567 nisi
447 3506 562 3567 incerto
575 3502 693 3563 nomine
706 3500 823 3580 virginis
838 3501 1017 3581 designatur,
1031 3501 1062 3560 io
1081 3501 1226 3582 suspicio·

170 3619 240 3659 nem
252 3600 346 3678 ipsum
361 3601 419 3659 hoc
430 3599 550 3658 verbum
564 3596 656 3669 ducit,
670 3614 727 3654 nec
737 3593 859 3654 aliorum
871 3593 1012 3672 exemplis
1024 3593 1225 3660 confirmatur.

171 3693 251 3753 Nam
265 3695 385 3752 verbum
396 3700 524 3768 patrono,
538 3691 560 3750 i.
573 3709 602 3750 e.
619 3710 687 3768 quae
701 3687 771 3747 mihi
784 3686 992 3766 patrocinatur,
1013 3686 1052 3745 ad
1064 3706 1224 3765 quamcun-

101 3826 106 3831 -
171 3804 229 3864 que
244 3785 329 3844 deam
344 3785 392 3844 vel
409 3782 548 3862 virginem
566 3781 667 3842 referri
687 3792 795 3861 potest.
837 3781 954 3848 Quodsi
973 3779 1051 3839 enim
1075 3779 1224 3841 Minervae

170 3876 366 3957 patrecinium
378 3873 534 3955 impetrare
546 3874 687 3936 voluisset
696 3878 796 3953 poeta,
807 3875 890 3932 certe
904 3872 968 3933 aliis
981 3871 1078 3932 verbis
1090 3872 1123 3932 cl
1131 3890 1224 3932 necue

169 3967 270 4029 raderi
282 3966 481 4047 &ruptone
496 3986 568 4028 trena
586 3966 699 4027 suunt.
739 3965 838 4026 Recte
858 3965 948 4044 igitur
965 3963 1224 4031 fecisse'ridentur

47 4057 51 4060 ’
169 4054 273 4132 critici,
297 4062 403 4138 quum'
417 4059 574 4120 lectionem
598 4059 718 4136 petrona
742 4057 945 4138 rmndiarunt.
988 4058 1029 4116 At
1057 4057 1221 4136 epitheton,

28 4139 32 4152 ⁸
170 4151 400 4233 quadriduani
414 4153 559 4224 volebant,
577 4160 688 4231 petron,
700 4150 774 4230 quid
786 4149 941 4230 significet,
955 4150 1012 4232 ipsi
1024 4149 1154 4211 nondum
1169 4169 1225 4215 exv

169 4245 327 4325 plicarunt,
340 4245 515 4327 quamquam
528 4243 652 4324 Vulpiur
664 4244 693 4303 iu
704 4242 810 4306 lexicis
821 4243 936 4307 Latinis
948 4242 1151 4325 reponendum
1165 4261 1223 4325 pu·

63 4578 261 4672 A
