2872 4972
532 344 768 416 CARMEN
797 344 900 411 LXI.

408 534 607 602 Jnmvenis.
653 528 933 597 BonatsVeuus

410 646 567 713 Juverit:
591 642 750 733 quonism
765 640 876 729 pulum

411 757 512 837 Quod
532 756 639 843 cupis,
654 754 757 840 capis,
774 760 812 818 et
824 753 948 817 bonum

411 867 494 932 Non
510 865 685 931 abscondis
705 885 864 929 amorem.

498 977 565 1043 Ille
580 975 692 1062 pulvis
708 975 876 1058 Erythrei,

413 1087 638 1174 Siderumque
661 1085 854 1151 micantium
882 1107 889 1115 ’·

414 1197 588 1263 Subduont
609 1215 783 1261 numerum
800 1193 904 1280 prius,

414 1307 483 1386 Qui
497 1306 602 1372 vostri
618 1326 795 1370 numerare
809 1303 881 1370 volt

415 1417 529 1483 Multa
545 1416 651 1482 millia
662 1415 748 1480 ludi.
846 1414 849 1420 “
1023 1454 1025 1459 «
1189 1413 1254 1478 910

500 1526 640 1609 Ludite,
658 1532 696 1591 ut
710 1524 817 1608 lubet,
831 1533 865 1590 et
879 1526 974 1593 brevi

233 1733 290 1778 202.
305 1724 359 1774 Jom
374 1725 453 1783 Venus,
469 1726 524 1773 bonu
539 1735 560 1774 te
578 1724 651 1774 Venus
661 1725 752 1774 Jnoerit
762 1728 853 1788 profert
863 1744 876 1775 e
888 1728 949 1776 libro
961 1727 1035 1777 veteri
1049 1726 1204 1774 Passeratius.
1216 1740 1257 1775 ss·

201 1794 293 1842 nnstior
302 1807 357 1840 sone
366 1791 406 1838 bio
417 1791 526 1839 orationis
538 1791 615 1838 color!

234 1862 291 1907 204.
308 1857 375 1910 Quod
383 1859 444 1918 cupis
450 1858 514 1917 cupis
522 1856 607 1902 Heius.
618 1855 642 1902 in
651 1862 699 1903 not.
712 1857 740 1903 sd
752 1856 838 1903 curun.
848 1857 922 1906 motet
939 1872 992 1904 unm
1002 1857 1038 1905 sic
1050 1855 1183 1905 dutcissimu
1193 1854 1259 1918 posit

203 1937 452 2046 pnrt‘d'bqniffinlonis
461 1982 576 2045 Erptbraei
587 1983 672 2031 vitiose
679 1983 704 2030 iu
711 1984 786 2032 MSG.
797 1983 856 2032 edit.
868 1984 951 2032 Venet.
964 1992 988 2033 et
999 1984 1052 2032 eliis
1064 1984 1260 2046 nunqu-pubis

206 2051 313 2100 Eritbraei
325 2049 419 2096 Gnorin.
432 2048 654 2111 Gryphepntveris
665 2047 737 2096 Eritci
747 2057 772 2096 et
784 2049 858 2096 Ericei
866 2065 945 2097 omnes
956 2050 1011 2097 libri
1022 2049 1176 2105 msssutii,
1187 2050 1259 2106 onds,

204 2118 266 2178 quod
273 2115 372 2162 Avantio
375 2117 424 2173 jisui
431 2113 455 2158 in
463 2120 561 2160 mentem
571 2117 674 2169 venerut,
680 2113 780 2160 Vossius
785 2113 909 2174 legendum
916 2115 1135 2179 oeusetpntois(pro
1141 2112 1261 2178 pulveris)

205 2181 310 2243 Erythrii
320 2182 349 2225 nb
362 2177 472 2240 Erythras
488 2178 524 2224 vel
543 2176 658 2239 Erythron
673 2186 741 2238 parts
757 2178 861 2241 regionis
877 2179 1022 2241 Cyrenaicus,
1038 2182 1104 2240 oujns
1120 2176 1260 2226 mentiones!

204 2246 262 2292 fucit
278 2245 301 2291 io
318 2242 466 2303 Geogrnphin
482 2241 632 2288 Ptolemaeus.
665 2242 702 2288 Ab
718 2258 775 2304 agro
792 2241 901 2306 Erythrio
919 2251 1004 2301 eutem,
1021 2249 1048 2290 nt
1065 2245 1135 2291 donet
1151 2243 1263 2299 Vossius,

206 2313 302 2370 eJ‘usque
314 2307 408 2368 oppidis
420 2305 550 2353 Palaebisos
560 2313 585 2352 et
596 2307 708 2367 Hydrous
724 2307 853 2370 iunipiebnt
870 2308 945 2368 Libys
959 2308 1079 2355 siticuloso
1088 2309 1139 2355 sive
1155 2322 1263 2365 menon,
1288 2304 1294 2317 “

205 2374 239 2420 itn
250 2382 277 2419 nt
285 2375 360 2435 putris
371 2371 493 2434 Erythrins
504 2371 537 2418 sit
545 2386 613 2418 meon
624 2372 760 2431 Cyrenaica.
788 2370 865 2428 Quum
877 2373 970 2434 quidem
982 2372 1060 2420 Vossii
1073 2371 1263 2433 explicationem,

206 2439 298 2485 doctum
313 2453 367 2484 sune
379 2444 403 2483 et
414 2435 566 2496 ingeniosum,
582 2434 668 2497 oupide
683 2437 806 2500 empturus
822 2443 858 2483 est
874 2437 1070 2498 vulpino-rtis.
1082 2438 1166 2485 Heius.
1175 2436 1201 2484 in
1211 2444 1262 2486 uot-

206 2503 236 2549 ad
256 2503 341 2549 cutull.
358 2501 406 2562 legi
419 2502 494 2560 Jubst‚
509 2499 573 2562 quod
592 2500 717 2561 proposuit
729 2503 777 2561 J'um
797 2502 935 2549 Theodorus
953 2502 1085 2557 Mamilius,
1103 2500 1148 2550 rus
1163 2501 1264 2568 poturo

206 2566 284 2615 ustor
297 2568 334 2614 vsl
345 2565 395 2613 u'e’ri
411 2579 453 2623 pro
470 2563 556 2611 otherii
567 2571 591 2611 et
601 2567 665 2612 uarii.
697 2567 746 2613 Per
759 2566 873 2627 pulverem
889 2566 1007 2614 etherium
1022 2574 1098 2613 nutem
1114 2567 1180 2614 innui
1195 2570 1264 2629 putot

207 2639 307 2687 sturnos,
323 2646 375 2692 quse
386 2645 417 2676 ex
430 2629 525 2691 Epicuri
537 2635 561 2674 et
574 2629 703 2678 Democriti
714 2631 829 2677 sententis
840 2646 937 2677 numero
947 2630 1044 2678 intinitse
1054 2630 1109 2678 sint.
1140 2632 1188 2678 Sed
1199 2630 1263 2678 bend

206 2696 276 2743 troile
286 2699 362 2758 podtae
373 2693 515 2743 osrminibus
523 2693 575 2746 suis
584 2693 691 2741 intexere
702 2696 779 2742 solent
788 2694 979 2756 pbilosophorum
991 2695 1085 2756 placito.
1102 2695 1179 2743 Multo
1189 2694 1264 2758 nugis

207 2760 280 2823 igitur
291 2760 348 2808 mibi
359 2759 447 2807 arridet
458 2759 531 2805 ulteru
542 2759 647 2817 ejusdem
663 2759 902 2820 Hsinsiiconjooturo
911 2759 935 2806 in
947 2761 1008 2807 notis
1018 2760 1049 2806 nd
1063 2759 1150 2807 catull.
1165 2758 1266 2820 posen·

208 2826 292 2889 Africi,
305 2839 373 2885 quom
388 2822 473 2870 ceteris
484 2821 625 2870 lectionibus
641 2823 725 2883 purtim
741 2824 795 2872 ideo
812 2825 978 2884 preterendum
997 2832 1062 2886 puto,
1078 2825 1141 2884 quod
1155 2823 1265 2885 sntiqnns

209 2889 327 2950 genitivus
336 2889 411 2949 potuis
422 2902 464 2948 pro
473 2886 571 2946 parvos
582 2887 642 2947 upnd
655 2886 742 2934 nullum
754 2887 825 2935 ulium
836 2888 972 2948 soriptorem
983 2889 1092 2943 ooourrit,
1105 2887 1264 2948 partimquot

208 2955 233 3001 in
247 2954 355 3000 omnibns
367 2953 436 2999 MSS.
448 2960 508 2998 teste
523 2951 608 3006 Statio,
625 2959 650 2998 et
665 2951 807 2999 editionibus
823 2953 991 3014 antiquissimis
1008 2959 1142 3000 constanter
1157 2958 1265 3000 umus

209 3015 237 3064 ui
245 3018 351 3079 pulueris.
371 3017 488 3078 Equidem
499 3014 553 3062 otim
562 3017 693 3063 tentabam:
706 3017 805 3077 pulveris
815 3018 885 3073 uvidi,
896 3018 937 3065 ssd
947 3017 1007 3064 iilud
1017 3017 1112 3065 Heinsii
1122 3023 1160 3064 ost
1168 3017 1265 3066 doeth

210 3090 235 3130 et
246 3085 314 3144 podis
325 3079 545 3144 dignun-Pulvis
555 3079 674 3143 Erythro,
685 3081 747 3142 quod
757 3081 782 3129 in
793 3089 860 3129 textu
871 3089 915 3138 est,
927 3081 1015 3130 dictum
1027 3082 1108 3131 volunt
1116 3097 1161 3144 pro
1168 3081 1267 3142 pulsorio
1367 3082 1375 3099 ¹

211 3146 328 3203 Eritbraei,
338 3147 372 3194 its
383 3153 408 3194 nt
419 3162 451 3194 ex
461 3143 605 3207 diphthongo
613 3145 637 3192 in
648 3142 764 3208 Erythrai
774 3145 844 3194 metri
854 3161 925 3194 ouuss
935 3162 981 3194 unu
991 3147 1059 3195 titers
1068 3147 1126 3195 eiius
1136 3145 1176 3195 sir.

243 3215 301 3263 209.
321 3211 393 3259 Vestri
403 3227 448 3275 pro
459 3209 529 3256 nonni
539 3215 564 3257 et
573 3209 652 3258 mmor
662 3225 706 3273 pro
717 3211 766 3258 nult
777 3211 864 3260 vitioso
875 3211 899 3259 in
911 3212 981 3260 MSS.
994 3211 1072 3260 suni.

244 3282 300 3325 210.
318 3275 404 3323 Lusum
416 3281 533 3323 oontrnote
544 3290 587 3336 pro
599 3274 690 3321 insnum
703 3280 727 3321 et
743 3275 805 3325 tusus
815 3275 838 3322 iu
853 3278 971 3325 veteribus
982 3277 1049 3324 tibris
1060 3275 1134 3324 fuisse
1144 3274 1179 3324 sit
1188 3278 1268 3324 Arsu-

211 3343 267 3390 tius.
301 3343 347 3389 Sed
359 3341 447 3387 Statius
457 3339 482 3386 in
493 3340 601 3387 omnibns
614 3339 683 3386 MSC.
696 3355 755 3400 qnos
765 3355 835 3388 mnnu
845 3341 920 3399 trivit,
935 3342 1026 3390 invenit
1036 3341 1121 3398 tudere,
1133 3342 1194 3389 unde
1203 3340 1267 3388 bend

212 3409 297 3454 dextro
310 3406 420 3467 Apolline
437 3404 540 3451 tentabat
555 3405 628 3452 multu
639 3404 716 3451 moitis
728 3404 786 3452 ludi.
809 3404 914 3466 Souligsr
923 3406 947 3453 in
959 3407 1040 3453 oodioe
1052 3405 1173 3453 Gelliosuo
1184 3418 1268 3453 exort-

212 3478 263 3518 tnm
274 3470 465 3532 deprehendebut
477 3469 539 3516 iudei
548 3484 592 3530 pro
603 3469 665 3525 tude,
681 3469 743 3516 unde
756 3469 826 3517 tinxit
838 3471 938 3518 t'ortssso
952 3470 1081 3532 dsprsrntn
1095 3469 1167 3517 lentio
1183 3469 1269 3518 rum

214 3535 314 3583 Vossius
326 3551 357 3582 sx
369 3534 444 3581 veteri
454 3533 556 3580 loutiouo
571 3533 621 3581 ludi
636 3533 675 3580 vel
689 3535 770 3590 ludite,
787 3549 856 3595 quum
870 3535 895 3581 in
907 3535 1023 3582 nonnuliis
1033 3535 1100 3581 tibris
1111 3550 1137 3581 se
1149 3533 1268 3584 iuventus

215 3600 319 3656 affirmat,
336 3599 429 3660 reponit
445 3599 517 3645 tracto.
550 3598 599 3647 Sed
611 3598 664 3660 quis
675 3614 721 3646 non
732 3600 844 3662 praeterst
854 3600 912 3657 todi,
927 3605 958 3648 ob
969 3600 1048 3649 stutim
1057 3615 1158 3660 sequens
1168 3605 1193 3646 ot
1201 3613 1271 3660 egn-

213 3663 253 3726 gie
263 3665 407 3727 respondens
419 3662 519 3711 Lssditei

249 3829 306 3875 202.
326 3825 392 3875 Bono
409 3835 432 3874 te
453 3826 528 3875 Venus
544 3824 642 3884 iuverit,
662 3841 718 3890 pro·
800 3831 923 3880 err—16.
941 3827 1025 3876 indite
1046 3836 1074 3876 ut
1093 3827 1271 3875 tutin-indm

217 3901 276 3962 pitin
286 3898 330 3947 tibi
344 3900 420 3948 oderit
434 3905 458 3947 st
476 3900 609 3961 nuptiarum
625 3906 719 3946 tuorum
768 3902 792 3949 in
802 3919 828 3949 re
838 3899 945 3949 Veneres
955 3896 1226 3967 suidondppstsuuiffos:
1237 3899 1269 3948 ui.

218 3979 327 4022 eventum
341 3973 436 4034 Jubebit
451 3973 719 4020 meritissimum...
770 3981 841 4028 supra
869 3967 899 4013 sd
926 3966 1003 4012 Germ.
1030 3965 1116 4012 xvn.
1139 3967 1180 4013 17.
1208 3962 1270 4012 udde

217 4048 304 4108 putum,
315 4061 360 4093 non
372 4045 468 4102 furtive,
479 4045 520 4093 sed
534 4046 628 4107 pubtion
639 4050 720 4092 sucto-
770 4039 852 4087 Heius.
866 4040 894 4085 sd
908 4038 980 4085 Ouid.
992 4036 1092 4085 Heroid.
1104 4037 1190 4084 XVII.
1199 4039 1230 4084 ’6.
1239 4036 1272 4084 sd

219 4120 298 4167 ritate.
457 4149 460 4154 -
770 4114 850 4160 Amor.
862 4112 883 4158 1.
895 4114 918 4157 8.
930 4113 971 4158 43.
983 4117 1007 4158 st
1018 4110 1120 4171 interpr.
1133 4109 1161 4156 sd
1174 4109 1271 4156 Pom

253 4195 310 4240 206.
326 4189 370 4238 rus
385 4189 460 4251 puluis
478 4188 574 4254 Erotis.
595 4189 643 4238 sid.
664 4191 720 4237 Ver.
771 4183 1272 4243 o.132.subtiu.—tibcrosduts,proomts

222 4266 289 4311 nest.
299 4271 324 4312 st
333 4265 428 4311 omnino
438 4279 490 4310 oum
500 4264 544 4310 boo
552 4264 604 4311 loeo
613 4277 723 4326 oompnru
772 4265 798 4304 ut
815 4272 839 4302 v.
863 4253 990 4304 67.-Nors
1011 4256 1070 4303 decet
1090 4263 1136 4303 tum
1152 4261 1272 4302 odiunt.

223 4352 294 4400 snprs
302 4338 440 4387 ourinvss·
450 4343 473 4387 2.
485 4352 550 4400 uoq.
774 4329 838 4392 penti
857 4335 904 4383 tun
919 4329 992 4379 nobiti
1002 4336 1028 4378 st
1037 4327 1139 4393 usquo
1155 4342 1201 4376 non
1217 4342 1273 4392 spes
