2872 4972
191 376 237 442 66
402 359 608 439 HANDll
638 373 698 442 IN
730 370 1033 439 GATULLUM

190 560 315 619 tombam.
357 558 641 623 Commentariorum
665 568 811 637 auctores,
831 578 898 626 nun⁴
915 558 1041 617 multum
1064 554 1249 628 haesitantes,

191 652 352 730 explicant,
371 652 516 731 scipiones
537 671 603 712 esse
624 652 778 712 semiustos
795 652 928 712 baculos.
972 650 1156 719 Quomodo
1174 668 1250 709 sero

169 798 172 807 .
189 744 345 825 scipiones,
357 745 526 824 simpliciter
540 746 579 806 ita
593 746 675 818 dicti,
691 746 729 805 de
743 744 844 807 inustis
861 745 984 817 baculis,
998 764 1051 804 seu
1066 743 1246 804 carbonibus

187 838 313 917 intelligi
331 840 449 918 possint,
470 859 519 900 me
537 839 661 899 aliorum
674 839 806 898 locorum
828 838 981 916 exemplis,
997 857 1063 917 quse
1076 835 1246 916 interpreti.-

188 932 245 991 bus
268 931 419 992 afferenda
432 942 525 1003 erant,
546 951 733 1012 nequaquam
752 931 888 991 edoctum
902 929 989 1011 fugit.
1030 929 1246 991 Difficultstem

176 1024 325 1102 =Scaliger
348 1024 503 1096 intellexit,
524 1025 589 1097 sed,
609 1042 677 1084 cum
690 1023 794 1085 Dousa
811 1034 896 1103 patre
915 1022 1053 1101 (Praecid.
1075 1023 1106 1082 in
1120 1022 1201 1083 Petr.
1216 1021 1244 1081 1.

189 1116 310 1196 c.10.),
331 1118 470 1176 mendum
486 1117 650 1179 tollendum
670 1116 734 1177 aliis
748 1115 873 1195 reliquit.
915 1115 1090 1178 Parthenius
1114 1114 1245 1196 loquitur

188 1211 227 1271 de
246 1211 408 1291 soporifera
419 1212 512 1291 virga,
527 1231 585 1291 qua
602 1215 691 1292 polita
705 1230 737 1271 se
752 1210 832 1272 dicat
849 1209 977 1270 omnium
992 1209 1246 1271 contubernalium

187 1304 315 1364 frontem
333 1305 375 1365 itu
393 1324 612 1384 percussurum,
631 1317 665 1364 ut
678 1323 780 1366 omnes
801 1304 831 1362 in
853 1321 957 1383 sopore
978 1304 1089 1364 solutos
1102 1302 1244 1363 facillime

186 1408 288 1476 posset
299 1397 448 1457 irrumare.
489 1397 579 1465 Quod
597 1396 715 1478 probari
730 1416 791 1456 non
805 1407 911 1475 potest.
952 1395 1020 1455 Nec
1037 1394 1130 1475 magis
1143 1394 1242 1455 verbis

186 1491 324 1550 convenit
338 1493 494 1552 obscoenus
508 1510 621 1563 sensus,
642 1509 730 1571 quem
746 1489 895 1550 Palladius
909 1489 1049 1568 explicat.
1091 1488 1242 1549 Guarinus

186 1595 281 1663 pater,
300 1595 427 1644 metrum
445 1604 505 1643 nou
521 1603 637 1656 curans,
660 1583 799 1644 emendat
818 1583 972 1660 siphonibus
991 1583 1144 1654 inscribam,
1165 1582 1242 1642 Vos·

187 1675 248 1736 sius
259 1677 467 1753 sopionibusvel
481 1679 659 1753 concionibus,
674 1696 741 1755 quae
755 1676 818 1734 sine
839 1673 961 1751 adjectis
980 1685 1133 1734 auctomm
1149 1673 1244 1755 expli·

187 1768 351 1829 cationibus
376 1767 425 1827 uix
447 1769 602 1847 intelliges
644 1770 720 1830 Cum
742 1769 834 1827 verba
860 1767 992 1847 respicis,
1018 1767 1118 1833 similis
1141 1777 1243 1827 noa'tro

186 1861 272 1920 locus
292 1871 337 1919 est
357 1861 497 1933 Petronii,
513 1880 541 1921 c.
555 1866 624 1923 96.:
644 1866 665 1895 “
680 1862 779 1927 Quum
794 1858 929 1940 Ascyltos
950 1869 1087 1938 gravatus
1101 1871 1147 1920 tot
1160 1858 1244 1920 malis

186 1953 218 2012 in
232 1973 364 2013 somnum
378 1953 535 2024 laberetur,
544 1953 604 2025 illa,
618 1973 684 2033 quae
698 1951 804 2029 injuria
817 1952 941 2031 depulsa
954 1951 1061 2022 suerat,
1076 1952 1185 2012 ancilla
1198 1962 1244 2012 to.-

187 2057 246 2106 tam
257 2046 364 2106 faciem
377 2051 440 2122 ejus
454 2046 577 2126 fuligine
592 2045 681 2126 longa
694 2045 856 2125 perfricuit,
878 2056 909 2104 et
923 2064 983 2106 non
997 2045 1149 2106 sentientis
1160 2047 1243 2106 labra

187 2139 383 2217 humerosque
404 2139 595 2218 sopitionibus
608 2138 729 2218 pinxit.”
772 2137 891 2217 Optime
907 2148 1097 2199 correxerunt
1106 2139 1188 2199 hunc
1200 2139 1246 2199 lo.

187 2252 255 2292 curn
271 2231 415 2292 Gruterus
428 2232 556 2311 (Suspic.
571 2232 613 2292 ll.
630 2231 672 2309 3.)
694 2230 841 2291 Boschius
856 2240 888 2290 et
902 2230 1051 2290 Erhardus
1062 2231 1100 2290 ad
1114 2230 1144 2292 h.
1158 2231 1179 2292 l.
1191 2255 1199 2302 ;
1212 2242 1243 2293 et

181 2334 232 2384 est
248 2322 407 2401 legendum
420 2325 467 2383 rel
487 2340 555 2383 cum
573 2323 629 2384 illis
650 2325 732 2400 sopiti
746 2323 930 2403 (dormientis
946 2323 1075 2406 Ascylti)
1090 2326 1242 2398 titionibus,

185 2416 234 2475 vel
257 2434 326 2474 cum
348 2414 404 2473 hoc
425 2417 520 2492 sopitis
535 2416 685 2488 titionibus,
700 2416 781 2495 quod
795 2415 949 2476 Glossator
969 2436 1086 2497 quoque
1100 2419 1244 2498 probasse

183 2508 311 2567 videtur.
354 2507 433 2567 Titio
457 2520 503 2569 est
526 2508 620 2580 torris,
641 2503 765 2569 baculus
788 2507 919 2569 adustus.
941 2511 990 2569 vd.
1006 2510 1111 2570 Celsus
1126 2511 1170 2574 11.
1192 2514 1242 2577 17.

186 2599 325 2659 Lactant.
340 2600 393 2661 IV.
411 2605 458 2661 14.
494 2601 614 2660 Ancilla
636 2600 755 2679 quidem
779 2602 875 2681 potuit
897 2603 1044 2684 Ascylton
1062 2604 1186 2683 fuligine
1210 2615 1242 2665 et

185 2705 251 2755 atro
266 2695 392 2754 carbone
404 2693 543 2774 pingere3
556 2713 625 2753 nam
635 2694 674 2753 ad
689 2713 792 2754 manus
805 2695 832 2754 ei
847 2705 931 2754 erant
944 2694 1082 2756 lucernae.
1092 2698 1178 2758 vd.c.
1190 2702 1241 2766 97.

184 2787 274 2865 Apud
294 2787 441 2847 Catullum
464 2804 535 2847 vero
559 2786 648 2847 lectio
672 2787 822 2860 titionibus,
836 2807 924 2867 quam
947 2789 1077 2848 nonnulli
1099 2810 1115 2848 e
1136 2790 1240 2852 Petro·

183 2879 276 2940 nianis
296 2880 393 2940 verbis
408 2891 593 2960 receperunt,
609 2880 702 2940 varias
717 2882 755 2940 ob
778 2900 883 2942 causas
905 2882 1051 2962 displicet,
1072 2884 1147 2944 inter
1169 2906 1242 2967 quas

182 2984 310 3034 metrum
336 2975 460 3053 primum
489 2973 600 3032 obtinet
626 2974 736 3033 locum.
778 2974 957 3054 Corruptam
985 2981 1050 3034 esee
1081 2977 1239 3039 lectionem

183 3067 345 3143 scipionibus
364 3086 450 3125 nemo
471 3066 604 3144 negabit.
646 3067 773 3126 Occasio
788 3087 859 3127 vero
881 3068 1076 3147 corruptionis
1098 3069 1128 3127 in
1148 3072 1238 3131 verbo

184 3159 298 3216 scribam
316 3158 398 3227 lutet,
413 3169 444 3217 et
455 3179 493 3218 ex
506 3160 655 3218 literarum
668 3160 840 3219 earumdem
852 3161 1025 3241 repetitione
1038 3171 1100 3222 orta
1113 3163 1240 3231 videtur.

184 3249 331 3328 Equidem
347 3251 494 3311 Catullum
509 3250 657 3331 scripsisse
672 3250 814 3311 arbitror:

561 3377 660 3440 Jamque
672 3379 744 3427 totins
756 3380 824 3428 vobis

437 3454 547 3502 Frontem
559 3455 659 3502 tabernae
670 3454 862 3518 inscriptionibus
874 3458 981 3516 scribam.

184 3583 277 3642 Po'eta
289 3580 372 3641 dicit:
388 3589 407 3618 “
417 3581 523 3642 Putate
534 3601 581 3641 me
592 3602 741 3654 ausurum,
752 3601 811 3642 una
822 3583 965 3643 ducentos
974 3602 1103 3646 sessores
1112 3595 1143 3646 et
1151 3585 1237 3658 simul

183 3696 234 3736 vos
246 3696 347 3735 omnes
357 3676 507 3736 irrumare.
533 3676 660 3755 Jamque
674 3697 732 3755 ego
742 3677 773 3736 in
782 3688 911 3738 vestram
925 3680 1134 3740 contumeliam
1148 3681 1239 3741 totius

182 3766 313 3829 tabernae
325 3769 453 3829 frontem
468 3769 723 3848 epigrammatibus
737 3781 768 3829 et
782 3769 873 3829 titulis
891 3770 1076 3831 inscribam.''
1101 3771 1237 3832 Minatur

182 3863 281 3944 igitur,
294 3862 425 3938 injuriam
437 3864 564 3941 graviter
578 3881 610 3921 se
620 3862 749 3921 ulturum
763 3883 827 3922 esse
841 3863 1085 3943 inscriptionibus,
1100 3875 1133 3923 ut
1148 3885 1240 3944 supra

183 3977 211 4016 c.
224 3955 299 4015 XII.
313 3954 577 4034 hendecasyllabis.
618 3954 717 4029 Arma,
730 3975 797 4033 quae
808 3961 927 4035 poetam
938 3956 1026 4016 decet
1039 3956 1127 4028 ferre,
1143 3957 1240 4018 induit

183 4049 316 4109 etvibrat
332 4057 421 4106 truces
440 4048 540 4106 iambos
562 4047 710 4106 XXXVI.
726 4053 757 4108 5.
776 4047 817 4106 cf.
831 4066 857 4106 c.
873 4047 1064 4108 XLII.—Ut
1079 4049 1238 4110 Petronius

183 4162 210 4201 c.
225 4146 274 4202 55.
284 4139 371 4210 ··³³cit‚
395 4141 509 4198 Itanon
523 4149 628 4215 oportet
650 4141 718 4198 bunc
731 4160 822 4199 cusum
840 4141 897 4198 sinc
915 4141 1094 4216 inscriptione
1116 4142 1237 4199 transire

183 4234 325 4313 (sequitur
347 4228 526 4311 epigramma
550 4232 774 4308 Trimalcionis),
794 4233 836 4293 ita
856 4233 990 4293 Catullus
1013 4254 1128 4313 quoquc
1154 4234 1237 4294 hauri

181 4327 271 4388 dubie
299 4325 447 4405 usurpavit
474 4344 581 4388 nornen
605 4326 788 4403 inscriptionis
808 4345 863 4406 pro
884 4327 1006 4407 vulgato
1031 4346 1129 4408 gruem
1154 4329 1237 4408 epi-
