2872 4972
338 302 1095 426 ursanus-riorescarrrcm.
1197 355 1241 422 rr

188 537 281 601 tabat.
308 528 482 602 Groeeorum
496 562 551 604 usu
562 533 785 624 verbirrarpqioc
795 543 922 621 probare
934 562 994 601 non
1007 542 1086 602 licet.
1121 539 1241 600 Deinde

187 631 259 690 nibil
272 633 439 712 languidius
453 635 512 696 dici
526 636 632 717 potuit,
649 654 737 716 quarn
752 654 851 695 versus
865 633 906 692 illi
920 653 987 693 curn
998 632 1187 694 antecedenti
1200 632 1242 694 ita
1298 719 1300 724 Δ

189 726 370 802 conjunctis*
1227 742 1230 749 ’
1299 726 1302 731 “

448 867 528 926 Quare
537 868 598 916 babo
608 869 661 926 tibi,
673 868 786 930 quidquid
796 867 841 914 boc
852 866 926 915 libelli
937 874 983 925 ast,

447 945 622 1006 Qualecunque‚
635 947 706 1008 quod,
718 962 732 992 o
743 952 841 1006 patrona
852 945 929 1006 virgo,

425 1037 427 1041 ’
446 1023 505 1071 Plus
516 1038 563 1071 uno
574 1031 665 1071 maneat
676 1039 776 1086 perenne
786 1023 859 1071 seclo.

187 1169 267 1249 quod
283 1170 408 1231 Statium
426 1176 494 1247 jure
513 1172 677 1243 commovit,
696 1182 729 1231 ut
742 1170 855 1251 aliquid
869 1171 974 1232 deesse
992 1182 1136 1232 censeret.
1176 1166 1241 1233 De·

186 1261 276 1340 nique
289 1281 358 1322 vero
378 1262 479 1342 inepta
499 1263 575 1323 adeo
595 1263 666 1322 mihi
684 1262 837 1323 videbatur
857 1263 961 1333 oratio,
982 1272 1016 1322 ut
1033 1264 1092 1323 hoc
1112 1277 1241 1338 carmen,
1323 1264 1326 1269 ’

186 1353 419 1432 quotiescunque
429 1355 570 1433 legerem,
579 1375 694 1434 semper
706 1355 775 1413 mihi
786 1355 932 1414 excitaret
940 1355 1039 1416 risum.
1062 1356 1103 1415 Et
1113 1360 1241 1434 po‘e'tam,

186 1457 274 1506 antea
293 1446 331 1505 de
350 1447 451 1526 lepido
467 1466 519 1507 suo
539 1447 639 1508 libello
657 1447 804 1527 nugisque
818 1448 877 1508 suis
890 1449 960 1508 satis
973 1448 1070 1529 facete
1085 1469 1151 1508 curn
1171 1447 1243 1509 Cor·

186 1538 265 1597 nelio
278 1539 440 1618 loquutum‚
456 1541 506 1619 qui
520 1539 607 1609 aliam
620 1559 826 1620 quamcunque
847 1542 934 1600 deam
953 1541 1009 1600 sibi
1022 1552 1174 1621 patronam
1187 1562 1243 1621 pro

185 1629 304 1708 ingenio
327 1652 380 1691 suo
403 1633 548 1692 electurus
568 1632 681 1704 fuisset,
701 1646 790 1712 quam
810 1651 941 1692 severam
961 1632 1041 1691 illam
1063 1633 1241 1707 Minervam,

185 1724 272 1802 paulo
288 1735 354 1803 post
368 1724 454 1784 altius
463 1744 495 1785 se
506 1724 611 1785 efferre
624 1735 656 1784 et
666 1726 811 1784 Minerrae
824 1726 955 1798 tutelam,
963 1743 1022 1804 qua
1030 1723 1147 1785 libellus
1157 1736 1243 1787 aeter-

186 1836 242 1876 nus
262 1828 404 1889 servetur,
425 1817 589 1897 implorare,
609 1818 673 1897 quis
689 1817 789 1879 videat
809 1818 873 1879 sine
893 1817 978 1878 risu-P
1005 1818 1115 1877 Verum
1128 1819 1243 1880 nonita

184 1906 255 1967 fecit
268 1919 377 1980 noster,
392 1929 449 1968 nec
468 1910 584 1989 scripsit
597 1910 652 1969 hos
666 1930 777 1970 versus.
818 1910 919 1971 Verba
932 1909 1009 1970 enim
1024 1921 1145 1990 patrono
1163 1913 1243 1992 virgo

187 1999 218 2058 in
232 2000 383 2061 codicibus
397 1989 606 2080 antiquioribus
620 2022 679 2062 non
699 2001 768 2081 legi,
782 2010 871 2062 testes
885 2013 952 2062 sunt
966 2003 1113 2074 Muretus,
1129 2003 1179 2082 qui
1192 2023 1242 2063 co·

187 2092 254 2152 dice
265 2092 384 2173 optimae
396 2103 473 2152 notae
487 2113 557 2154 ursus
571 2105 625 2167 cst,
641 2105 673 2156 et
685 2092 784 2154 Lucas
802 2093 954 2154 Fruterius
967 2095 997 2153 in
1010 2094 1166 2155 Verisimil.
1175 2094 1196 2153 l.
1212 2096 1242 2157 l'.

187 2183 237 2263 qui
250 2184 311 2246 ita:
338 2185 452 2244 Lacuna
465 2187 494 2244 ia
514 2186 587 2246 Mer.
620 2187 658 2244 Ia
679 2185 787 2245 Catullo
800 2206 857 2245 meo
874 2187 1000 2260 (codice)
1016 2189 1054 2245 od
1071 2187 1242 2266 marginem:

181 2285 304 2352 patrono
317 2278 406 2356 uirgo.
448 2277 538 2338 Unde
552 2288 644 2356 patet,
660 2277 827 2337 Pontanum
839 2296 899 2359 non
912 2277 1038 2338 voluisse
1052 2279 1161 2339 codicis
1177 2298 1243 2338 cor·

184 2381 280 2450 rupta
291 2372 383 2447 verba
396 2371 565 2443 emendare,
580 2370 634 2430 sed
655 2360 800 2450 supplere.
842 2374 919 2438 Quae
939 2392 1004 2430 cum
1025 2371 1066 2431 ita
1079 2372 1145 2443 sint,
1160 2374 1242 2432 recte

185 2464 298 2544 cepisse
309 2464 379 2523 mihi
393 2465 508 2524 videtur
522 2464 696 2524 Parthenius
707 2474 836 2537 mentem
851 2463 1076 2544 interpolatoris,
1091 2465 1180 2524 verba
1194 2463 1244 2524 illa

185 2557 224 2615 de
238 2557 346 2636 puella,
366 2557 426 2616 sive
440 2556 560 2627 Lesbia,
575 2555 636 2616 sive
652 2555 718 2626 alia,
734 2557 894 2635 explicans.
936 2556 1049 2628 Plures,
1072 2566 1104 2614 ut
1117 2555 1241 2630 videtur,

184 2648 215 2706 in
225 2649 283 2708 boc
293 2636 362 2708 loco
370 2648 573 2727 interpolando
588 2647 784 2720 elaborarunt,
799 2665 920 2726 quorum
937 2648 1020 2719 alius,
1036 2668 1103 2707 curn
1114 2648 1241 2708 velcar·

184 2739 255 2798 mini
275 2739 385 2818 aliquid
406 2741 519 2810 deesse,
540 2740 588 2798 vel
607 2739 637 2797 in
654 2739 773 2798 laudern
794 2739 922 2798 auctoris
942 2739 1053 2818 aliquid
1073 2739 1242 2800 addendum

185 2833 378 2903 existimaret,
398 2831 530 2892 ultimum
544 2851 659 2892 versum
680 2831 855 2910 adscripsit;
881 2832 930 2909 qui
948 2832 1065 2910 quidem
1080 2833 1119 2892 ed
1131 2833 1241 2893 formu·

183 2923 277 2983 larum
291 2942 383 3002 genus
403 2923 539 3002 pertinet,
561 2924 641 3004 quod
660 2923 853 2983 Grammatici
873 2923 904 2981 in
925 2937 1059 3004 promptu
1079 2925 1240 2988 habebant.

187 3018 345 3083 Quomodo
365 3036 436 3075 vero
456 3016 535 3094 prior
544 3036 647 3076 versus
667 3017 698 3075 in
714 3025 829 3075 'textum
849 3028 987 3095 receptus
1005 3017 1085 3088 sit,c
1107 3019 1241 3078 codicum

185 3109 316 3187 vestigiis
331 3109 525 3169 demonstrari
543 3120 653 3190 potest.
695 3109 831 3169 Alterum
845 3109 1001 3189 vestigium
1019 3109 1092 3169 latet
1105 3111 1135 3170 iu
1148 3113 1240 3173 verbo

186 3203 265 3279 quod,
280 3201 318 3260 ad
330 3201 505 3261 vocabulum
521 3222 605 3279 quare
617 3202 648 3262 in
661 3201 808 3263 nonnullis
821 3202 901 3262 libris
915 3203 1078 3283 adpositum
1094 3207 1138 3285 (ut
1150 3215 1241 3266 testa·

185 3304 234 3352 tur
256 3292 344 3352 etiam
363 3303 496 3374 excerpt.
516 3294 574 3370 Ρ.).
617 3293 774 3374 Scripsisse
801 3294 917 3354 videtur
944 3296 1142 3375 interpolator,
1171 3296 1244 3376 quod

184 3389 247 3462 plus
266 3407 320 3445 uno
338 3395 445 3445 maneat
455 3395 571 3463 perenne
584 3389 663 3447 seclo.
705 3386 749 3447 Ut
762 3406 832 3446 vero
846 3407 872 3446 v.
892 3391 963 3466 quod
978 3390 1018 3468 ,ab
1039 3389 1135 3448 aliena
1151 3410 1241 3450 manu

170 3487 172 3492 ’
187 3478 352 3558 profectum
367 3489 421 3548 est,
441 3479 483 3538 ita
497 3479 585 3538 etiam
599 3479 698 3539 tritum
713 3479 787 3538 illud
811 3482 1000 3557 qualecunque.
1039 3481 1156 3542 Tertius
1167 3482 1241 3562 lqui·

187 3573 254 3632 dam
268 3573 322 3630 hos
336 3581 476 3649 sequutus
487 3571 611 3653 videtur,
621 3570 680 3650 qui,
689 3582 723 3630 ut
733 3572 879 3649 glossema
889 3584 919 3631 et
929 3592 1029 3631 versus
1040 3573 1152 3634 alienus
1166 3595 1240 3655 quo·
1253 3592 1257 3603 ·

187 3664 343 3724 dammodo
356 3668 613 3742 conjungerentur,
628 3663 675 3723 vel
692 3663 722 3722 in
742 3663 865 3742 gratiam
882 3684 943 3723 suae
965 3665 1081 3743 puellae,
1098 3665 1246 3745 reliquam*

185 3758 330 3830 lacunam,
343 3756 429 3815 metri
444 3757 555 3816 ratione
569 3777 628 3815 non
643 3757 753 3828 habita,
770 3758 910 3836 expleret,
932 3761 1005 3834 quod
1013 3770 1131 3836 patrona
1149 3763 1239 3841 virgo.

187 3849 323 3909 Alterum
337 3846 464 3926 antiquae
477 3848 611 3908 lectionis
625 3849 789 3927 vestigium,
808 3867 868 3908 non
887 3849 995 3909 minimi
1009 3853 1159 3924 momenti,
1175 3873 1240 3914 cer.
1299 3897 1301 3901 .

185 3941 264 4000 nitur
275 3940 306 3999 in
318 3960 360 3999 vs.
378 3949 494 3999 octavo.
538 3940 616 3999 Nam
628 3940 659 3999 in
674 3942 808 4001 omnibus
823 3942 981 4002 Codicibus
995 3945 1042 4003 vel
1055 3931 1248 4006 desideratur

187 4053 251 4094 voc.
272 4042 313 4093 ert
331 4033 418 4108 (utin
433 4032 616 4115 Dresdensi),
631 4035 678 4093 vel
693 4034 801 4113 legitur
823 4038 954 4113 quidquid
971 4047 1011 4096 ert
1025 4040 1125 4098 libelli:
1154 4040 1239 4100 etita

186 4125 297 4186 babent
317 4125 460 4185 editiones
476 4125 593 4186 Vicenb
613 4126 696 4186 Brix.
711 4136 741 4185 et
756 4127 876 4187 Venett.
901 4131 985 4195 -Qua
1005 4129 1131 4192 lectione
1151 4130 1254 4212 repo·[,

187 4219 252 4299 sits,
267 4219 419 4280 etabsona
432 4219 486 4278 illa
501 4218 610 4297 puellae
621 4217 822 4300 imploratione
837 4219 951 4295 omissa,
963 4222 1072 4303 optime
1092 4212 1273 4286 claudituff‘...
