2872 4972
200 357 222 422 4
401 356 603 423 HANDII
634 357 693 424 IN
722 353 1022 435 CATULLUM

194 539 328 614 judicari.
370 541 522 601 Editiones
537 555 632 601 autem
645 543 763 613 Catulli,
777 562 842 620 quae
851 541 1059 601 recentioribus
1073 539 1259 619 temporibus

199 634 379 712 prodierunt,
404 635 532 694 carmina
549 655 607 692 non
634 655 771 714 peraeque
793 636 942 705 exhibent,
966 633 1213 712 quemadmodum
1238 652 1258 692 a

200 730 290 804 poeta
313 727 447 805 prosecta
472 738 548 785 sunt.
601 727 674 785 Sunt
696 730 772 788 enim
793 730 835 788 ita
856 737 1043 806 comparatae,
1064 735 1097 804 ut
1117 724 1258 799 lectionis

200 819 328 896 vulgatae
346 820 475 879 rationes
489 829 520 877 et
532 838 629 878 causae
639 839 756 898 prorsus
775 823 955 900 ignorentur.
999 818 1048 876 Ex
1061 816 1095 876 iis
1109 836 1166 875 non
1181 837 1256 894 cog-

200 929 316 980 nosces,
332 911 410 971 unde
426 912 515 971 ducta
528 914 566 972 sit
579 912 644 971 liaec
666 925 696 972 et
716 914 767 973 illa
784 913 881 982 lectio,
904 912 950 970 vel
964 911 1041 970 bona
1056 910 1101 968 vel
1117 909 1258 979 absurda,

200 1022 296 1081 neque
311 1004 439 1063 invenies
456 1007 574 1064 nomina
587 1005 714 1063 virorum
728 1006 890 1074 doctorum,
904 1024 1025 1080 quorum
1044 1002 1141 1061 studio
1155 1003 1259 1080 plures
1363 1068 1370 1080 ⁸

199 1093 303 1172 singuli
317 1095 375 1153 loci
390 1096 499 1173 optime
514 1097 625 1164 sanati;
646 1097 734 1156 immo
749 1116 823 1156 vana
837 1095 989 1154 mendacia
1009 1114 1044 1153 ac
1066 1093 1260 1171 negligentiae

200 1186 300 1245 sordes
323 1198 434 1245 tantum
456 1189 506 1248 tibi
530 1189 648 1247 taedium
670 1190 803 1267 afferent,
825 1200 859 1247 ut
880 1199 974 1246 totum
992 1187 1098 1245 librum
1124 1186 1260 1261 abjicias.

200 1278 350 1339 Judicium
364 1300 398 1339 ac
414 1301 544 1352 censura,
557 1301 643 1361 quam
658 1282 828 1360 interpretes
843 1291 911 1339 ante
926 1280 1023 1338 omnia
1036 1279 1185 1337 instituere
1201 1279 1259 1338 de.

199 1371 318 1446 bebant,
334 1373 468 1431 codicum
483 1385 513 1433 et
534 1384 604 1432 vett.
620 1374 702 1433 editt.
721 1393 879 1451 earumque
904 1372 1085 1432 auctoritatis
1111 1390 1261 1449 nusquam

200 1464 308 1539 eistat,
330 1474 361 1522 et
382 1474 478 1524 textus
498 1465 582 1524 firmo
595 1465 786 1525 fundamento
806 1467 894 1545 plane
913 1463 1067 1524 destitutus
1086 1473 1142 1522 est.
1185 1462 1260 1522 Sine

200 1553 335 1614 codicum
350 1566 379 1614 et
393 1568 463 1616 vett.
477 1557 615 1616 librorum
631 1576 688 1637 ope
707 1577 803 1635 neque
816 1556 936 1629 institui,
958 1575 1055 1636 neque
1069 1554 1144 1627 effici
1157 1555 1260 1634 potuit

199 1646 332 1706 recensio
345 1642 452 1708 textus.
485 1649 551 1709 Nec
564 1649 735 1722 sufficiebat,
751 1659 863 1709 tautum
876 1648 1080 1727 inscriptiones
1095 1647 1258 1708 editionum

198 1758 437 1814 commemorare,
455 1743 523 1803 hinc
538 1754 569 1802 et
582 1744 663 1804 illine
671 1745 846 1813 varietatem
867 1742 999 1801 lectionis
1021 1740 1123 1799 afferre
1139 1751 1169 1799 et
1183 1740 1259 1800 alio·

200 1852 265 1891 rum
290 1834 412 1913 vestigia
438 1835 499 1895 sine
523 1836 583 1894 ulla
608 1836 787 1907 dubitatione
809 1835 953 1914 persequi.
985 1835 1146 1910 ‚Quantum
1165 1833 1260 1911 igitur

201 1925 334 1987 dolorem
357 1947 469 1998 omnes,
484 1928 589 2006 quibus
611 1927 707 1987 studia
719 1926 906 1987 humanitatis
925 1935 955 1988 et
968 1925 1106 2003 imprimis
1126 1925 1261 1985 carmina
1311 1983 1313 1988 .

165 2033 170 2043 ·
200 2016 310 2077 Catulli
324 2038 401 2077 curae
422 2029 499 2090 sunt,
514 2020 666 2098 percipere
681 2020 848 2079 debuerunt
861 2037 898 2077 ex
911 2027 1004 2076 morte
1020 2015 1161 2090 Santenii,
1172 2021 1260 2092 cnjus

200 2111 311 2169 mentio
325 2110 433 2170 tristior
447 2121 493 2170 est
506 2111 642 2192 lacrymis
658 2110 843 2171 Simonideis.

242 2205 375 2265 Historia
388 2227 517 2277 casuum,
532 2207 636 2284 quibus
647 2208 776 2284 jactatus
798 2217 843 2266 est
857 2205 966 2266 Catulli
979 2204 1063 2275 liber,
1085 2203 1153 2263 satis
1167 2202 1258 2263 mira·

200 2297 265 2357 bilis
279 2297 376 2368 docet,
390 2297 579 2376 paucissimos
597 2298 718 2367 inveniri
736 2299 865 2378 potuisse
885 2298 1002 2357 codices
1024 2295 1210 2374 antiquiores,
1225 2306 1259 2354 et

200 2389 344 2447 vanarum
359 2389 529 2463 lectionum,
548 2409 621 2467 quas
642 2390 683 2448 illi
697 2391 846 2464 erhibent,
867 2396 1006 2466 majorem
1025 2399 1138 2468 partem
1154 2408 1170 2446 e
1184 2389 1259 2448 scri·

201 2483 303 2544 barum
316 2481 478 2560 ignorantia
489 2496 579 2563 atque
594 2484 801 2543 monachorum
815 2484 944 2555 lascivia,
958 2484 1054 2562 quain
1069 2483 1259 2560 scriptoribus

201 2577 348 2636 veteribus
371 2579 493 2656 grassati
515 2578 582 2651 sint,
604 2589 695 2638 ortam
718 2598 793 2638 esse.
835 2578 932 2656 Atque
956 2578 1014 2636 hoc
1035 2580 1096 2655 jam
1124 2575 1261 2653 Scaliger

202 2669 375 2741 observavit,
391 2672 429 2730 de
445 2671 611 2750 exemplari,
626 2690 664 2730 ex
686 2690 744 2749 quo
770 2690 870 2729 omnes
895 2670 1012 2729 codices
1035 2668 1198 2749 propagati,
1212 2667 1260 2742 lo.

201 2757 318 2840 q'uutus.
353 2763 449 2822 Variis
464 2783 500 2822 ex
514 2762 691 2841 argumentis
704 2773 733 2821 et
745 2764 895 2843 praecipue
909 2782 946 2820 ex
960 2755 1104 2834 consensu
1118 2759 1260 2831 omniurn,

202 2876 275 2937 quos
289 2857 443 2936 hucusque
458 2857 593 2934 cognitos
607 2856 759 2926 habemus,
786 2855 928 2925 codicum¹
943 2855 973 2913 in
989 2854 1059 2913 locis
1073 2851 1212 2930 corruptis
1226 2861 1261 2911 et

201 2950 338 3010 mutilatis
353 2950 545 3009 demonstrari
559 2959 667 3029 potest,
678 2968 767 3005 unum
782 2947 887 3007 libritm
900 2947 990 3007 fuisse
1001 2947 1113 3006 sontem
1128 2943 1259 3003 omnium

200 3043 331 3114 aliorum,
347 3043 400 3122 qui.
411 3042 482 3102 inde
496 3061 513 3101 a
527 3042 636 3102 saeculo
647 3041 749 3119 quinto
764 3041 877 3113 decimo
892 3040 991 3120 scripti
1005 3039 1082 3110 sunt.
1118 3039 1261 3111 Matloeus

203 3135 355 3201 Polmerius
375 3136 403 3194 in
418 3136 534 3206 codice,
549 3154 636 3213 quem
651 3153 704 3194 sua
724 3152 811 3192 manu
832 3154 859 3194 a.
873 3139 961 3195 1428.
976 3133 1141 3212 scripserat,
1153 3142 1184 3190 et
1197 3150 1259 3210 quo

201 3242 272 3286 usus
292 3236 357 3287 erat
370 3227 495 3286 Andreas
520 3227 648 3286 Solottut
663 3225 801 3304 (Observ.
822 3226 873 3284 lib.
889 3226 937 3298 II.⁴
954 3244 980 3284 c.
996 3228 1045 3286 16.
1066 3221 1169 3303 psa.)
1186 3218 1266 3297 ,liaeo

203 3319 367 3379 adnotavit:
390 3324 559 3380 onn014‘25.
578 3319 696 3393 primum
716 3327 851 3394 repertam
865 3338 922 3375 esse
938 3317 1083 3388 Catullum,
1096 3314 1261 3392 pessimeque

203 3421 341 3487 acceptum
362 3414 390 3468 in
411 3432 505 3468 monne
526 3411 658 3468 hominnm
676 3412 788 3468 venisse.
831 3410 935 3469 Exstat
958 3411 1044 3469 etiam
1069 3410 1260 3488 epigramma,

202 3503 475 3563 commemoratione
497 3503 566 3561 satis
589 3501 719 3579 dignum,
741 3503 794 3560 viri
809 3503 961 3581 cujusdam
976 3503 1056 3561 docti
1070 3500 1259 3570 Veronensis,

202 3614 291 3673 quem
307 3596 465 3675 Apostolus
487 3595 585 3654 Zenus
608 3595 649 3674 (in
664 3594 851 3674 Ephemerid.
870 3595 930 3654 Lit.
947 3596 1013 3655 ltal.
1027 3595 1093 3654 Vol.
1108 3593 1181 3654 XII.
1197 3595 1261 3672 ll.)

204 3682 368 3745 Guarinum
387 3701 507 3765 patrem,
521 3684 704 3744 Burmannus
720 3685 882 3744 Guarinum
896 3685 988 3745 lilium
1002 3706 1066 3746 esse
1077 3684 1180 3746 voluit.
1223 3686 1262 3745 ln

203 3797 241 3837 eo
254 3789 383 3838 narratur
404 3778 511 3837 librum
534 3774 653 3848 Catulli,
678 3797 696 3836 a
717 3778 874 3838 Francisco
899 3780 1027 3858 quodam
1047 3778 1195 3858 scriptum,
1217 3797 1261 3839 ex

202 3870 299 3930 horrel
318 3870 446 3931 tenebris
468 3871 614 3930 Veronam
635 3869 765 3929 delatum
786 3889 859 3931 esse.
901 3871 1034 3949 Mffeias
1049 3866 1091 3950 (in
1111 3870 1186 3930 libro
1204 3868 1260 3929 Ve-

202 3983 270 4020 rona
284 3962 423 4021 illontroto
437 3961 504 4021 Vol.
516 3961 558 4019 ΙΙ.
572 3982 600 4041 p.
609 3959 651 4038 7).
666 3962 705 4021 ad
719 3962 867 4022 decimum
888 3983 982 4040 usque
1001 3963 1140 4022 saeculum
1155 3960 1261 4023 Catul-

203 4053 264 4112 lum
279 4053 365 4133 plane
379 4054 509 4132 ignotum
524 4053 615 4113 fuisse
630 4055 688 4113 suis
702 4055 822 4124 civibus,
838 4054 988 4114 confirmat
1009 4055 1116 4114 inedita
1129 4052 1262 4132 quadam

203 4144 376 4224 scriptione:
394 4146 456 4203 “In
468 4144 584 4204 Verona
598 4147 695 4205 aveasi
708 4147 825 4206 Catullo
838 4146 877 4205 fin
892 4148 939 4219 del
953 4134 1263 4226 secoldecimo,per.

205 4235 301 4295 elicio
316 4249 398 4296 trovo
412 4236 512 4297 inuno
527 4236 604 4314 degl’
622 4236 725 4297 inediti
747 4237 881 4311 sermoni,
905 4237 960 4299 che
982 4238 1020 4299 ho
1042 4256 1142 4317 presso
1163 4253 1212 4296 me
1228 4236 1270 4305 ui·
1287 4250 1290 4254 “
