2872 4972
210 374 276 442 246

372 424 377 431 -
453 376 492 443 Ο.
518 375 750 445 VALERII
778 376 1021 445 GATULLI

477 698 738 784 CARMEN
762 697 986 799 LXXIV.

623 899 660 948 IN
677 899 841 947 cunnum.

298 1039 465 1105 Genusus
480 1037 644 1121 audierat,
655 1046 812 1124 patruum
827 1039 1005 1126 objurgare
1018 1036 1141 1122 solere,

339 1149 463 1237 Siquis
477 1147 614 1212 delicias
626 1146 764 1232 diceret,
779 1154 839 1215 aut
852 1148 989 1215 faceret.

297 1258 373 1324 Hoc
387 1279 430 1322 ne
444 1257 509 1346 ipsi
519 1256 696 1340 accideret,
709 1258 824 1343 patrui
837 1257 1031 1346 perdepsuit
1044 1258 1150 1344 ipsam

338 1367 501 1449 Uxorem,
518 1374 553 1432 et
567 1372 724 1451 patruum
739 1366 886 1432 reddidit
900 1369 1155 1455 Harpocratem.

296 1477 395 1557 Quod
405 1474 523 1554 voluit,
539 1475 636 1541 fecit:
653 1495 741 1560 nam,
754 1477 905 1564 quemvis
920 1477 1066 1544 inrumet
1078 1479 1185 1566 ipsum
1236 1480 1257 1543 5

334 1586 437 1653 Nunc
449 1595 619 1674 patruum,
633 1587 772 1653 verbum
786 1607 853 1652 nou
867 1586 968 1653 faciet
982 1595 1132 1676 patruus.

306 1778 330 1824 3.
349 1773 482 1834 Perdespuit
491 1772 550 1819 male
562 1770 664 1819 inlibris
675 1771 784 1833 antiquis,
793 1777 819 1818 ut
829 1777 894 1820 recte
905 1772 986 1819 docuit
997 1771 1109 1834 Scaliger.

308 1842 332 1887 6.
351 1837 421 1886 Hunc
429 1846 539 1900 patruum
549 1851 581 1883 ex
592 1851 639 1884 uno
650 1837 708 1885 God.
721 1836 819 1898 protulit
830 1844 854 1884 et
864 1837 973 1898 probarit
983 1837 1080 1886 Statius.

242 2004 331 2053 Inlame
354 2003 424 2066 lqu'us
448 2003 620 2067 epigrammstis
641 2021 709 2067 argu·

208 2084 311 2126 mentum
320 2082 427 2124 rerastur
437 2076 462 2123 in
477 2077 631 2125 describendo
643 2077 710 2125 adul·

208 2159 261 2199 tero
277 2149 438 2206 infamissime,
458 2150 546 2205 Gellio,
565 2166 633 2211 quern
654 2164 710 2197 aun·

209 2216 319 2271 demesse
329 2227 421 2283 putant,
428 2221 467 2282 qui
476 2222 639 2269 aGioeronein
651 2223 709 2270 Ora-

208 2296 272 2342 tione
284 2297 332 2342 Pro
342 2293 424 2341 Sextio
434 2294 606 2355 perstringitur.

241 2370 264 2414 1.
282 2367 397 2413 Petraeum
412 2367 546 2429 objurgare.-
566 2365 709 2426 proverbiali

208 2440 257 2487 lere
273 2439 392 2486 luertione
409 2444 463 2484 nota
482 2447 519 2485 est
534 2447 667 2500 patruorum
683 2437 709 2485 in

208 2514 304 2559 l'ratrum
320 2511 407 2557 liberos
425 2511 546 2557 severitas.
563 2511 649 2558 Horst.
661 2511 709 2557 Sat.

209 2587 246 2634 ll.
257 2586 281 2632 3.
298 2586 339 2632 88.
351 2581 387 2632 Ns
397 2584 426 2630 sis
434 2591 532 2644 patruus
547 2583 612 2640 mili,
628 2588 653 2630 et
663 2582 708 2630 0d.

208 2659 259 2705 lll.
279 2660 318 2705 12.
339 2657 363 2704 3.
390 2655 484 2702 Patrue
505 2654 595 2702 certem
617 2654 708 2718 lingue.

209 2729 265 2777 vide
278 2743 336 2789 qnos
347 2728 427 2775 lsudat
438 2725 529 2774 Ernesti
539 2726 562 2773 in
573 2727 646 2774 cleve
657 2726 708 2773 (lic.

211 2802 255 2848 snb
266 2807 402 2860 mpatmus.

222 2876 268 2920 ·2.
285 2872 310 2919 Si
329 2873 376 2934 quis
396 2870 488 2917 delirius
505 2876 551 2918 oet.
570 2870 591 2917 si
606 2868 709 2932 quisvel

210 2944 282 2992 dietis
303 2944 342 2990 rel
361 2943 429 2989 lectis
448 2943 520 3002 paulo
535 2941 633 2990 liberius
648 2941 672 2987 in
682 2955 709 2988 re

211 3015 322 3065 amatoris
332 3015 433 3062 luderet.
455 3040 458 3050 =

243 3091 268 3138 3.
286 3086 425 3149 Perdepsuit.
442 3086 491 3144 Qui
508 3086 627 3134 notionem
641 3085 710 3146 lqu'us

210 3157 516 3220 sarbiemereeupit,adeat
524 3158 615 3205 Murrus¹
624 3158 653 3204 ad
659 3156 710 3204 Cic.

212 3232 291 3294 Epist.
312 3231 342 3276 sd
360 3230 417 3278 Dis.
428 3232 475 3279 lx.
492 3233 531 3278 22.
549 3246 574 3292 p.
592 3233 632 3279 39.
653 3227 711 3276 edit.

211 3306 291 3352 (ἴτων.
303 3309 327 3349 et
335 3300 441 3349 Bochort
453 3302 550 3349 Hieros.
561 3303 582 3349 1.
590 3317 614 3362 p.
623 3303 678 3349 188.

244 3379 269 3423 4.
287 3373 402 3422 Patr-uum
421 3375 521 3421 reddidit
541 3373 711 3434 Harpocratem,

210 3447 317 3495 nimirum
329 3452 355 3494 ut
368 3454 474 3508 patruus,
486 3445 551 3495 velut
559 3445 645 3494 silentii
653 3446 712 3493 deus

760 2000 929 2065 Harpocraten,
936 2001 1008 2050 altum
1016 2003 1040 2052 in
1051 2005 1129 2052 haere
1137 2007 1185 2067 jsns
1192 2008 1258 2068 jube-

758 2079 796 2122 ret
807 2074 934 2131 silentium,
943 2089 987 2121 neo
999 2076 1098 2136 amplius
1114 2079 1258 2139 objurgando

758 2146 872 2194 molestos
884 2148 1078 2210 esset—Figura
1096 2151 1259 2212 Harpocratis,

760 2232 848 2264 summu
860 2217 914 2264 olim
926 2218 1040 2279 religione
1054 2221 1083 2267 ab
1100 2221 1220 2283 AEgyptiis
1235 2223 1259 2270 in

758 2289 945 2352 templis‘lsidis
966 2298 990 2338 at
1010 2291 1131 2354 Serapidis
1152 2294 1258 2354 inprimis

759 2362 825 2418 culti,
836 2362 869 2409 its
879 2365 927 2410 iere
939 2363 963 2410 iu
972 2367 1126 2413 monumentis
1141 2367 1260 2416 veteribus

760 2448 872 2494 expressa
889 2437 1042 2496 conspuitur,
1060 2447 1087 2485 ut
1098 2439 1127 2485 ad
1138 2440 1257 2488 silentium

759 2505 909 2555 indicandum
921 2524 980 2556 uuus
996 2511 1123 2572 digitorum
1134 2512 1170 2559 ori
1179 2513 1258 2560 aduro·

758 2584 797 2626 tus
805 2579 844 2626 sel
853 2579 954 2628 insertus
965 2583 1124 2632 sit—Exstat
1133 2586 1261 2645 peculiaris

759 2649 783 2697 in
793 2651 852 2699 lssnc
858 2668 908 2701 rem
917 2654 1020 2711 libellus,
1027 2671 1112 2718 magua
1120 2658 1258 2706 eruditionis

759 2724 987 2789 cupiseousoriptus,
1000 2727 1061 2776 Gisd.
1075 2728 1159 2790 Cuperi
1173 2730 1260 2791 Harpo-

758 2805 837 2854 crates,
848 2797 887 2844 ubi
893 2804 979 2859 praeter
986 2800 1145 2860 perantiquam
1154 2801 1260 2862 imagun-

759 2869 835 2915 culam
859 2878 992 2931 srgentesm
1016 2870 1128 2933 singulari
1147 2873 1226 2919 studio
1245 2889 1260 2919 s

759 2940 852 3001 (lupero
870 2943 1014 3002 explicitur,
1031 2942 1110 2991 mute
1122 2945 1174 2990 alica
1195 2947 1258 3007 ejus-

758 3011 811 3058 dem
828 3013 868 3060 dei
884 3015 962 3075 ligure
974 3015 1095 3071 exhibire,
1113 3021 1146 3072 et,
1157 3032 1208 3076 quae
1226 3019 1257 3064 ad

757 3085 876 3133 historiam
888 3087 957 3147 hujus
973 3088 1013 3134 dei
1024 3093 1140 3149 spectant,
1159 3088 1258 3150 diligen-

758 3162 795 3204 ter
809 3157 908 3205 eollects
920 3165 944 3205 et
963 3159 1085 3221 proposita
1096 3164 1158 3208 suut.
1191 3160 1259 3208 Adde

759 3227 919 3277 Burmuunrsm
930 3230 976 3278 Sec.
990 3232 1020 3278 sd
1036 3232 1132 3280 Anthol.
1149 3232 1197 3279 111.
1216 3235 1258 3280 88.

759 3302 786 3348 Τ.
799 3303 821 3348 1.
833 3318 857 3362 p.
869 3306 925 3351 689.
936 3305 977 3348 30.

792 3375 815 3421 5.
829 3373 894 3427 Quod
903 3374 983 3429 votuit,
993 3372 1068 3439 fecit:
1084 3374 1130 3422 hoc
1138 3373 1208 3422 modo
1218 3373 1261 3423 im-

759 3444 870 3509 petrsrit,
879 3446 941 3507 quod
946 3445 1070 3508 impetrare
1080 3446 1162 3496 voluit.
