2872 4972
535 364 767 439 cannara
798 312 921 430 sinu.
958 412 963 421 .

501 624 763 708 CARMEN
807 623 953 707 XLII.

611 813 647 859 IN
666 811 844 870 Quamnam.

373 942 534 1018 Annsrn,
548 939 832 1024 hendecasyllabi,
849 947 931 1026 quot
947 937 1026 1002 estis

372 1050 495 1115 Omnes
511 1049 670 1136 undique,
686 1056 852 1137 quotquot
865 1049 944 1112 estis
956 1069 1079 1112 omnes.

372 1161 496 1226 docum
515 1182 565 1224 me
581 1168 679 1246 putat
693 1181 765 1223 esse
781 1160 911 1224 moecha
926 1160 1044 1245 turpis,

371 1273 417 1336 Et
432 1280 534 1358 negat
552 1272 631 1335 mihi
647 1279 760 1336 vostra
774 1270 980 1335 reddituram

369 1382 572 1470 Pugillaria‚
589 1382 615 1445 si
632 1382 703 1469 pati
719 1381 870 1467 potestis.

369 1492 619 1578 Persequamur
634 1511 719 1570 eam,
736 1497 771 1553 et
786 1489 1024 1576 reflagitemus.

365 1602 450 1680 Qua
465 1601 520 1683 sit,
536 1599 704 1688 quaeritis?
729 1599 799 1680 illa,
816 1622 916 1684 quam
932 1601 1052 1666 videtis

366 1713 485 1798 Turpe
509 1711 675 1792 incedere,
692 1709 822 1774 mimice
837 1732 875 1774 ac
893 1711 1035 1776 moleste

225 1881 248 1924 8.
268 1875 377 1938 Myrmioa
392 1873 452 1920 male
468 1873 492 1920 in
504 1878 562 1920 vett.
574 1872 631 1921 edit.
643 1888 687 1933 pro
697 1873 791 1928 mimice,
808 1846 871 1933 qnod
883 1883 947 1922 recte
958 1875 1079 1926 revocarit
1091 1878 1149 1925 Stat.
1166 1880 1251 1928 mamre

192 1942 289 1988 Corrad.
302 1942 331 1988 de
344 1940 390 1986 All.
401 1941 487 1985 ritmico
499 1938 617 1985 Erhardns
629 1939 658 1985 ad
671 1938 766 1984 Petron.
778 1954 800 1984 c.
813 1941 869 1988 1‘26.

223 2083 259 2129 Ad
272 2081 412 2128 vindicanda
428 2080 572 2127 ameretrice
585 2079 630 2126 sihi
642 2082 697 2125 snb·

190 2155 262 2201 dncta
284 2143 409 2215 pugillaria
425 2168 504 2199 omnes
524 2152 626 2212 undiquc
642 2167 697 2196 con-

194 2234 263 2273 vocat
279 2225 494 2285 hendecasyllabos,
511 2240 539 2270 co
558 2224 656 2270 consilio
668 2224 697 2268 ad

189 2298 335 2346 meretricem
344 2300 393 2358 jam
408 2297 571 2351 amandandos,
584 2303 609 2341 ιιι
621 2295 699 2341 subla·

189 2378 228 2416 tos
240 2370 372 2426 codicillos,
388 2376 496 2429 tanquam
514 2384 562 2415 reru
573 2368 609 2413 sui
627 2367 697 2428 juris,

190 2444 238 2489 alta
256 2451 281 2490 et
292 2442 459 2491 contumeliosa
467 2457 526 2489 voca
536 2442 565 2486 ah
577 2441 621 2486 ista
630 2442 696 2486 reha-

189 2516 353 2577 gitent;—sed
368 2532 424 2562 mox
444 2516 548 2570 cosdem,
560 2529 613 2560 cnm
634 2513 695 2559 omni

188 2588 348 2634 conviciorum
356 2603 440 2647 genere
452 2586 490 2633 nsi
502 2585 560 2632 nihil
572 2587 632 2646 apud
642 2602 695 2646 per·

188 2661 263 2727 irictae
274 2660 356 2706 frontis
365 2659 510 2706 meretricem
516 2659 630 2720 prolicere
638 2675 694 2718 pos·

190 2742 250 2790 sent,
269 2734 380 2781 rationem
398 2733 516 2779 invertere
527 2739 551 2779 et
569 2747 619 2778 rem
630 2731 693 2778 blan·

190 2805 256 2852 ditiis
268 2812 357 2853 tentare
365 2807 441 2865 jubet.

220 2883 290 2926 1-8.
304 2876 496 2939 chdecasyltadi,
502 2875 619 2937 jaciendis
631 2876 692 2924 enim

188 2951 301 2997 conviciis
313 2965 378 3009 nsque
389 2949 438 3010 apti
457 2964 485 2995 ac
501 2949 571 2995 iambi
584 2949 693 2996 visisunt

187 3022 385 3083 hendecasyllabi,
399 3032 426 3068 nt
436 3029 534 3082 apparet
546 3021 584 3068 vel
603 3036 633 3066 ex
647 3021 692 3068 hoc

187 3097 297 3142 carmine.
330 3097 354 3141 3.
368 3097 448 3154 jocum
466 3109 501 3140 me
521 3100 573 3154 part.
595 3093 692 3154 dignum

188 3183 256 3226 quem
268 3167 333 3216 ludat
350 3174 372 3212 et
385 3165 555 3228 parvipendat.
588 3165 627 3211 Sic
638 3180 691 3225 pas·

186 3240 298 3301 simjocm
308 3241 337 3287 de
346 3239 384 3294 iis,
393 3239 492 3300 quisunt
500 3238 608 3285 ludibrio.
626 3238 692 3286 Phac-

188 3312 223 3358 dr.
240 3312 296 3357 Fab.
314 3313 335 3358 Ι.
353 3315 393 3358 21.
405 3316 429 3358 2.
442 3313 535 3358 Petron.
553 3326 574 3356 c.
586 3312 626 3360 57.
643 3310 691 3358 vid.

186 3384 215 3428 ad
235 3389 357 3443 utromque
378 3383 455 3429 locnrn
478 3384 689 3443 lnterpretes.-4.

96 3481 98 3485 >
186 3455 417 3518 negatredditnram,
440 3469 473 3500 sc.
493 3469 524 3507 se,
545 3455 607 3513 quod
626 3470 689 3515 saepe

185 3526 246 3587 apud
260 3527 342 3586 poetas
352 3525 485 3587 negligitur.
496 3533 577 3580 vestra,
590 3541 641 3571 nam
653 3543 689 3573 se·

186 3599 238 3644 dem
255 3599 322 3658 qnasi
340 3598 458 3659 propriam
470 3598 554 3644 habent
566 3612 646 3644 versus
657 3594 688 3645 'in

185 3669 305 3730 poetarum
318 3670 418 3716 tabellis.
433 3669 558 3731 pugillaria
568 3669 689 3733 velpugr't·

186 3742 243 3788 lares
262 3750 328 3790 erant
337 3742 440 3790 codicilli
450 3742 528 3803 parvi,
539 3757 635 3801 quornm
654 3751 688 3789 ts·

186 3815 262 3869 berra,
275 3821 300 3861 nt
317 3830 377 3862 nnnc
391 3831 483 3876 quoqne
500 3813 632 3861 concinnari
649 3831 687 3863 so-

184 3887 241 3942 lent,
259 3887 351 3935 suerunt
362 3888 459 3934 aironte
471 3888 610 3944 dissectae,a
621 3896 688 3948 tergo

183 3965 287 4006 consutae
293 3967 479 4019 compactaeqn05
490 3968 513 4005 at
519 3960 654 4019 plerumque
664 3960 687 4005 in

183 4038 280 4091 utraque
290 4031 388 4091 planitie
395 4036 487 4087 cerate,
500 4031 546 4077 vid.
560 4030 687 4077 Schwartz.

183 4102 214 4158 de
236 4102 385 4148 Ornamentis
407 4102 470 4148 libr.
486 4103 540 4149 Vel.
557 4118 582 4163 p.
601 4104 648 4150 179
663 4109 688 4149 et

184 4177 240 4221 128.
252 4174 310 4220 edit.
323 4174 437 4220 benschn.
447 4180 471 4220 et
487 4189 539 4233 qnae
557 4174 587 4219 de
606 4189 649 4220 usn
663 4180 688 4220 et

183 4247 430 4304 formaeodioillomm
450 4247 555 4307 disputat
576 4249 687 4293 Burman-

184 4331 229 4364 nns
244 4317 268 4365 in
288 4320 424 4382 prelatione
446 4320 475 4369 ad
493 4319 630 4369 Petronium
641 4334 687 4366 non

745 2077 813 2139 longe
831 2080 861 2126 ab
872 2079 947 2128 initio.
963 2083 982 2127 ai
997 2083 1048 2141 pati
1062 2084 1158 2143 potestis,
1168 2083 1189 2130 si
1205 2100 1251 2147 per

746 2167 789 2197 vos
799 2152 848 2198 fieri
863 2159 950 2213 potest,
961 2161 987 2200 at
1001 2153 1074 2200 inulta
1087 2170 1140 2202 oum
1150 2156 1196 2203 ista
1207 2173 1251 2206 ana

746 2225 898 2283 protervitate
906 2226 1011 2272 elabatur
1018 2226 1138 2284 meretrix,
1147 2229 1189 2275 sed
1198 2245 1250 2277 ocr-

745 2303 769 2341 te
780 2295 804 2341 id
821 2296 869 2342 fieri
879 2312 921 2356 per
934 2312 976 2343 ros
988 2313 1031 2343 aon
1040 2303 1131 2358 potest;
1147 2300 1248 2361 agedum

744 2367 825 2428 igitur,
835 2382 993 2430 persequamur
1003 2383 1051 2415 cam
1062 2374 1085 2414 et
1099 2369 1250 2434 reflagitmus

744 2440 1249 2502 pugillaria-Itasaepcapndpcdtamaex'·

744 2515 913 2576 nsquaerendns
920 2519 963 2559 est.
972 2514 1043 2560 latam
1051 2508 1249 2580 enimintarpnnc-

744 2585 830 2632 tionem
848 2585 991 2645 aplcrisqnc
1008 2585 1151 2633 editionibus
1166 2603 1248 2650 reecp-

743 2667 790 2704 tam
810 2657 953 2720 Pugiltcrin:
975 2659 1059 2716 aipnti
1072 2660 1170 2718 potestia
1190 2659 1249 2708 Per·

741 2744 860 2791 aequamur
874 2744 923 2775 enm
936 2736 957 2775 et
965 2728 1014 2792 rest.
1027 2729 1068 2775 via
1079 2731 1150 2778 rerba
1163 2731 1249 2779 admit·

742 2808 792 2849 tere
803 2801 920 2849 videntur.

775 2876 798 2920 8.
816 2873 890 2934 Turpe
903 2874 1011 2929 iacedoc,
1030 2875 1093 2934 quod
1115 2875 1140 2922 fit
1156 2877 1189 2926 ah
1208 2877 1248 2934 iia,

742 2961 839 3007 qnorum
851 2945 965 3000 incessus,
977 2952 1003 2992 nt
1015 2946 1139 2993 Petronius
1157 2948 1197 3004 nit,
1212 2947 1247 2997 ita
1311 3003 1313 3007 .

741 3026 791 3064 arte
800 3017 943 3079 compositus
953 3025 998 3073 est,
1010 3025 1037 3065 nt
1045 3035 1074 3066 nc
1087 3020 1185 3081 vestigia
1195 3021 1248 3082 qul·

741 3092 794 3138 dem
806 3090 891 3152 pedum
907 3098 976 3137 extra
986 3106 1116 3139 mensnram
1130 3095 1246 3143 ώοεηιε.

741 3164 864 3224 Eiusmodi
870 3171 946 3211 autem
956 3179 1061 3225 gressum
1069 3165 1192 3214 delicatam
1198 3182 1249 3215 ma·

740 3235 838 3284 natrices
848 3236 962 3297 imprimis
973 3237 1082 3296 placendi
1092 3253 1162 3286 cansa
1173 3239 1246 3301 ringe-

741 3309 802 3356 bant.
842 3309 905 3356 llino
933 3309 1005 3358 Ouid.
1033 3310 1085 3356 Art.
1113 3314 1166 3358 Am.
1183 3312 1245 3360 w.

741 3382 788 3429 299
798 3397 849 3442 sqq.
1196 3392 1200 3398 '

740 3483 781 3533 Est
794 3494 816 3532 et
830 3486 855 3532 in
865 3487 950 3534 incessu
960 3501 1016 3548 pars
1025 3501 1070 3533 non
1081 3474 1197 3536 temnenda
1207 3488 1246 3537 dn·

803 3572 858 3603 corsa
866 3574 876 3615 ,¹

771 3630 857 3676 Adlicit
867 3631 953 3694 ignotos
963 3630 1010 3686 ille,
1014 3629 1131 3695 fingatque
1136 3633 1200 3679 viror.

739 3701 794 3750 Haee
809 3711 879 3748 movet
894 3711 943 3750 orte
960 3702 1020 3750 tatas
1036 3705 1162 3768 tunicisque
1164 3702 1244 3768 staen-

801 3775 863 3821 'tibus
873 3789 942 3821 aaran

738 3873 779 3936 [cl.
793 3873 902 3932 Propert.
913 3873 934 3918 1.
944 3876 966 3920 2.
979 3871 1017 3934 2.]

771 3960 862 4021 Excipit
865 3976 874 4016 ,·
891 3967 984 4008 catenara
994 3959 1088 4025 fertque
1101 3960 1193 4021 superba
1204 3976 1248 4023 pen

739 4072 785 4152 nu
801 4033 863 4152 icius
873 4082 954 4166 ‘conjux
967 4082 1045 4152 uma
1055 4105 1182 4152 uuonan
1195 4121 1244 4154 u-

769 4184 888 4366 Arq'diitcss
909 4247 1247 4314 ingentcsvariccfertqucgra·.

819 4334 853 4369 us.
