2872 4972
1037 1012 1044 1024 ,
1172 990 1211 1037 a!

368 1034 508 1152 Cusus
526 1053 583 1126 vis
608 1052 701 1140 fieri,
722 1053 883 1144 Catulle,
903 1061 1065 1132 munus?
1084 1080 1140 1152 s
1159 1036 1196 1111 ἴ
1211 1118 1239 1151 f.

369 1176 530 1276 Festina
541 1178 610 1253 tibi
629 1180 817 1255 vindicem
835 1206 979 1282 parare,

343 1364 357 1390 .,
365 1303 425 1377 Ne
443 1303 577 1378 dentes
595 1315 741 1380 metuas
760 1306 1034 1403 maligniorum,

364 1428 627 1528 Rumoresque
647 1454 778 1505 senum
797 1431 1036 1518 severiorum,

361 1553 436 1640 Qui
454 1555 561 1630 vultu
580 1557 706 1631 tetrici
725 1555 935 1630 Catoniano

360 1679 525 1755 Horront
543 1683 747 1756 versiculos
765 1681 819 1779 pii
838 1683 984 1779 po'etae3

360 1803 410 1878 Et
429 1807 612 1905 quicquid
630 1807 757 1906 lepida
776 1807 1008 1905 procacitate

360 1929 481 2004 Laxat
497 1930 648 2004 laetifico
665 1931 801 2004 labella
818 1932 907 2018 risu,

359 2055 533 2130 Oderunt
551 2080 643 2131 cane
662 2058 770 2155 pejus
788 2068 828 2129 et
845 2080 1011 2142 veneno;

357 2180 431 2254 Dio
447 2190 565 2268 vates,
586 2191 695 2280 pater
711 2179 992 2277 elegantiarum,

356 2305 441 2393 Dic,
462 2329 538 2403 quo
557 2304 702 2379 vindice
722 2317 827 2377 tutus
845 2304 1055 2378 ambulabis
1070 2306 1136 2377 l-

356 2430 421 2504 Sic
439 2429 532 2515 dixi,
552 2428 776 2528 lepidissimi
793 2430 920 2528 po'etae

355 2553 466 2628 Curis
484 2554 648 2628 carmina
665 2555 853 2653 perpolita
869 2556 1009 2629 nostris

353 2677 452 2752 Cum
470 2687 641 2777 spectare
658 2677 825 2753 viderem
843 2680 891 2753 ad
910 2680 1140 2754 umbilicum.

352 2803 567 2902 Respondit
584 2800 676 2878 mihi
692 2805 826 2881 leniter
844 2830 1040 2881 susurrans

351 2929 423 3027 (Ut
441 2930 563 3004 solent
580 2930 713 3003 animae
731 2932 958 3027 beatiorum)

349 3055 466 3130 Vates
485 3053 627 3154 Elysiis
645 3054 766 3128 redux
784 3055 832 3127 ab
850 3054 948 3128 oris:

351 3193 375 3223 ‘⁴
389 3203 582 3266 autumna,
605 3204 762 3253 Parata
782 3203 848 3253 1²10
869 3203 1047 3252 nannum
1063 3178 1143 3249 !''—-

351 3332 520 3382 anunsrt
540 3306 649 3406 cupis
668 3305 706 3379 in
725 3306 847 3379 sinum
868 3305 1016 3378 volare?

347 3433 495 3532 Cepisti
512 3433 693 3507 eximium
712 3430 780 3503 tibi
799 3428 1025 3503 Patronum!
1132 3488 1134 3492 .

345 3558 444 3634 Nam
462 3558 553 3632 Dux
572 3556 752 3656 Optimus
769 3566 809 3628 et
827 3553 1002 3627 Disertus
1020 3553 1120 3627 idom

343 3684 531 3758 Admittet
548 3682 710 3782 placido,
731 3701 876 3777 suoque
894 3681 1013 3765 vultu,

340 3807 425 3894 Quo
443 3809 495 3882 uil
514 3807 748 3907 supplicibus
767 3805 863 3877 solet
881 3828 1030 3900 negare,

343 3932 636 4007 Mellitissimum
655 3941 693 4005 et
710 3930 896 4029 optimum
914 3929 1064 4026 potitam

343 4053 448 4131 Intra
464 4056 592 4130 limina
609 4054 805 4128 sanctioris
824 4054 930 4127 aul‘ae.

340 4180 486 4267 Quodsi
503 4181 635 4279 legerit
652 4181 744 4268 haeo,
765 4177 1067 4279 probaveritquo,
