2872 4972
486 373 718 443 cauunu
748 371 932 457 uxxur.
1169 371 1241 438 aie

313 559 415 646 Cogit
430 580 542 624 amare
557 559 673 645 magis,
689 557 747 623 sed
763 559 849 623 bene
864 556 952 622 velle
969 557 1085 621 minua.
1184 605 1187 613 .

215 724 238 767 8.
256 721 325 783 Coget
334 721 421 781 Gryph.
434 716 520 768 Mur'st.
531 717 631 767 Vossius
642 724 666 766 et
677 717 725 764 alii.
738 717 780 763 sad
790 723 868 765 nusba
879 716 949 764 leutio
959 725 995 765 est
1004 717 1027 764 in
1039 717 1144 764 omuibus
1157 717 1229 764 MSS.

183 787 243 847 apud
256 786 376 832 Stat-Iu
388 786 444 831 edit.
456 784 545 846 Grypb.
561 782 652 846 (153⁷)
663 798 716 829 eum
732 783 776 828 hoe
792 781 893 828 earmina
912 783 1063 842 conjungitur
1079 782 1228 842 Epigramma

184 851 228 896 Odi
239 858 260 895 et
277 865 326 895 amo
338 850 470 896 LXXXV.
504 851 536 895 Aa
547 849 651 895 Achillas
661 846 748 894 Statius
760 854 835 907 putat,
847 846 965 893 autsimul
984 862 1036 894 cum
1048 847 1092 902 bis,
1103 853 1142 892 aut
1153 847 1232 892 statim

182 921 236 974 post
245 915 296 970 hos,
306 913 417 974 legendos
429 930 480 962 esse
490 929 571 961 versus
579 911 703 973 eprigr.
714 910 820 958 LXXV.
831 913 855 958 5.
871 909 940 957 Nune
950 918 979 958 est
987 925 1045 958 uuus
1055 912 1232 969 mercidusque

184 979 213 1023 ad
225 979 307 1034 linem;
325 986 348 1023 et
359 978 444 1025 deinde
461 979 523 1033 illos,
533 977 577 1023 Odi
587 985 609 1024 et
619 976 738 1023 amm—Iu
749 975 804 1022 edd.
816 975 911 1021 Veneti.
929 975 974 1022 bea
990 991 1043 1023 eum
1060 972 1167 1036 sequenti
1183 989 1233 1021 aar·

184 1042 244 1089 mine
255 1042 394 1103 conjunctim
405 1043 536 1093 exhibitum
541 1047 587 1089 est.
598 1055 600 1058 ’
897 1053 900 1058 ’

604 1201 823 1274 ---ψ---4

452 1438 714 1526 CARMEN
747 1436 959 1521 LXXIII.

592 1612 629 1659 Ill
645 1611 832 1659 lucubrum.

272 1737 416 1803 Dusmu
428 1736 469 1801 de
482 1756 649 1824 quoquam
664 1736 846 1824 quidquam
863 1737 946 1800 bene
960 1735 1048 1801 velle
1061 1738 1191 1815 mereri,

315 1849 387 1912 Aut
402 1847 549 1933 aliquem
561 1846 634 1911 fieri
648 1868 744 1934 posse
759 1855 880 1933 putare
894 1848 998 1934 pium.
1051 1895 1053 1902 ·
1070 1877 1075 1888 ¹

272 1957 394 2020 Omnia
408 1963 487 2023 sunt
500 1956 653 2042 ingrata:
675 1954 761 2020 nibil
775 1957 891 2022 fecisse
904 1956 1045 2042 benigue
1059 1963 1125 2023 est:

319 2066 426 2132 Immo
439 2065 541 2130 etiam
553 2065 666 2148 taedet,
677 2065 779 2131 taedet
793 2067 954 2151 obestque
968 2067 1093 2154 magist

274 2177 323 2243 Ut
337 2176 429 2260 mihi,
442 2198 539 2264 quem
555 2197 652 2241 nemo
664 2177 800 2265 gravius
815 2199 876 2243 nec
890 2178 1043 2243 acerbius
1057 2185 1168 2265 urget,
1213 2177 1244 2265 5'.

315 2288 424 2368 Quam
446 2287 545 2351 modo
565 2287 622 2373 qui
645 2309 696 2352 me
720 2310 821 2354 unum
844 2297 947 2375 atque
962 2289 1094 2354 unicum
1111 2290 1192 2354 ami·

402 2420 478 2463 cum
501 2397 627 2462 habuit.
1192 2414 1195 2420 ·

158 2594 161 2602 .
219 2565 242 2606 1.
259 2562 304 2606 l‘ro
321 2559 440 2621 quidquam
456 2559 481 2606 in
497 2559 613 2606 nonnullis
631 2559 702 2608 MSS.
712 2560 781 2608 Statii
796 2562 910 2624 quisquam
927 2569 951 2608 et
965 2574 1109 2624 quemqnam:
1120 2558 1182 2606 unde
1192 2558 1234 2605 illa

187 2626 310 2686 legendum
323 2626 421 2670 fortasse
434 2625 528 2682 putabat
538 2625 640 2686 quisqttia.

220 2695 242 2736 2.
254 2693 299 2736 Pro
310 2690 371 2747 pium
380 2688 468 2750 Grypb.
481 2690 567 2734 Muret.
576 2692 600 2733 et
610 2689 651 2734 alii
661 2689 801 2736 tunm—sin
812 2689 898 2749 passim
910 2688 998 2736 libriin
1007 2689 1059 2749 piat
1070 2693 1164 2743 attunt,
1176 2700 1243 2771 mette!

96 2766 99 2771 ’
188 2761 274 2800 etratus
285 2753 382 2800 variant.
394 2753 441 2798 vid.
456 2751 533 2799 Heius.
545 2752 575 2798 ad
587 2753 657 2800 ovid.
669 2755 727 2800 Met.
738 2755 795 2800 Vll.
807 2757 862 2801 tte.

220 2822 244 2865 3.
262 2818 302 2864 Est
312 2819 381 2864 deest
387 2816 411 2862 in
422 2816 491 2864 MSS.
501 2816 559 2863 Stat.
570 2816 639 2865 editt.
650 2818 743 2866 Veneti.
754 2820 845 2879 Gryph.
855 2823 880 2864 et
890 2816 950 2864 aliis.

221 2888 245 2930 4.
262 2882 309 2928 lma
319 2882 385 2927 mium
396 2883 470 2937 iudet,
486 2890 572 2943 datque
585 2885 696 2944 magisque
707 2884 813 2945 mugitis
822 2883 927 2928 omnibus
936 2882 985 2928 fere
995 2881 1064 2928 MSS.
1081 2881 1153 2929 sus:
1164 2887 1189 2928 et
1200 2880 1235 2928 sia

187 2948 249 2992 iruna
257 2960 407 3000 versumnee
415 2961 498 2992 sensas
509 2961 551 2993 nea
563 2946 683 2993 latinitatis
692 2948 781 2997 ratione
791 2947 877 3003 habita,
884 2947 964 2995 multa
974 2946 1107 2994 adituram.
1115 2946 1243 2997 exhibant..

187 3013 210 3056 iu
223 3027 268 3057 unu
278 3010 336 3070 Stat.
346 3016 403 3065 erat,
418 3009 467 3058 Stat
477 3012 623 3071 magistrique
632 3014 710 3074 magis.
726 3011 847 3058 Mamilius
858 3011 1002 3066 emendabat,
1019 3009 1066 3067 inm
1077 3011 1144 3058 etiam
1162 3011 1236 3070 tedam

189 3084 211 3122 et
225 3076 295 3137 magis
312 3083 377 3136 atque
393 3075 470 3135 magis.
497 3074 604 3130 Guietus,
624 3074 694 3123 Nibit
701 3074 783 3139 fecisse
798 3077 891 3139 benigne
907 3075 999 3122 Prodest
1007 3092 1016 3134 ,·
1037 3077 1080 3122 inre
1090 3077 1158 3122 etium
1168 3075 1233 3122 taedet

83 3150 88 3159 '
189 3141 285 3200 obestque
300 3140 379 3202 magis.
413 3140 450 3185 Ex
462 3136 523 3186 libro
535 3138 597 3186 Bibl.
609 3139 744 3186 Bodleianae
762 3141 839 3188 editor
855 3140 987 3202 Cantabris.
1005 3141 1101 3201 prefert,
1124 3136 1218 3186 Prodest
1226 3155 1243 3203 ι,

187 3205 225 3250 sed
243 3204 307 3250 tedet
320 3205 373 3263 jam
394 3205 466 3267 magt'a
484 3213 550 3265 atque
570 3204 782 3268 magia—nostram
798 3204 923 3252 lectionem
935 3212 1039 3253 veterum
1053 3203 1165 3251 librorum
1181 3219 1235 3250 aua-

187 3269 280 3315 toritate
292 3268 436 3314 confirmarit
447 3267 573 3316 Guarinus.
583 3276 607 3315 et
618 3268 653 3315 sio
665 3276 701 3316 est
716 3269 816 3317 inlibris
828 3268 900 3317 MSS.
915 3270 976 3332 apud
988 3269 1101 3331 edituram
1116 3269 1239 3330 Cautabnq

189 3333 228 3380 aui
238 3334 350 3380 accedunt
363 3333 459 3387 Statius,
470 3334 585 3387 Muretus,
596 3327 694 3381 Vossius
702 3345 726 3382 et
736 3335 783 3383 alii.
1237 3348 1240 3354 '

222 3398 246 3444 5.
265 3398 301 3444 Voe
311 3396 368 3444 mibi
376 3399 488 3458 saetiger,
500 3396 599 3457 Vulpius
609 3399 690 3446 etalii.

223 3537 294 3584 Facta
309 3536 339 3581 da
351 3535 448 3596 perfidia
460 3534 581 3596 eujusdam
592 3534 688 3595 experi-
737 3536 796 3583 uibil
814 3544 853 3591 eat,
873 3533 930 3580 nihil
948 3533 1014 3593 pensi
1033 3534 1142 3592 barbatum
1169 3537 1236 3579 vetus

190 3608 261 3662 eutii,
270 3608 394 3653 solemnem
406 3606 436 3652 da
446 3606 541 3667 ingratis
556 3606 688 3653 hominibus
738 3614 813 3656 autem
831 3608 881 3653 haee
890 3608 920 3653 de
929 3604 1026 3665 ingratis
1042 3605 1171 3651 bominibus
1183 3620 1237 3651 carr·

190 3679 309 3740 querelam
329 3676 522 3738 repetit—Sunt,
544 3677 583 3737 qui
601 3677 688 3737 Alphe·
738 3681 808 3726 tilena
815 3683 864 3741 jam
880 3679 942 3739 apud
954 3679 1084 3724 Homerum
1094 3678 1180 3738 Odyss.
1192 3677 1236 3732 IV,

191 3767 245 3798 uum
262 3752 349 3797 Varum
364 3750 562 3797 iurisconsulturu
583 3750 627 3795 bos
638 3749 689 3810 epi·
739 3753 799 3802 695:

192 3831 316 3886 grammata
333 3822 397 3868 innui
415 3822 461 3870 sibi
475 3822 636 3882 persuadeant.
657 3823 687 3868 ai.

192 3912 262 3959 supra
272 3896 349 3942 Germ.
358 3895 447 3941 XXX.

223 3972 247 4016 3.
261 3967 341 4014 Omnia
355 3974 408 4013 aunt
420 3967 511 4028 ingrata
522 3965 648 4031 aetsecisse
656 3966 689 4012 be·
770 3969 793 4016 5.
805 3967 836 4014 Ut
847 3967 910 4021 mibi,
919 3983 953 4014 se.
962 3967 1152 4032 obluit-urget,
1164 3975 1236 4014 vexat

192 4042 268 4102 aigne,
279 4040 389 4087 beneficia
398 4040 423 4087 in
442 4038 542 4102 aliquem
554 4041 690 4097 contulisse,
740 4044 763 4086 et
774 4038 931 4100 persequitur.

738 3854 814 3903 -obti
820 3874 854 3909 τις
860 3855 908 3902 ἐστὶ
916 3855 979 3919 χᾶςις
987 3853 1111 3916 μετόπισθ’
1117 3852 1217 3917 iuspyimt.
1291 3900 1292 3903 ,
