2872 4972
214 345 260 433 si
462 342 502 410 c.
523 340 758 411 sisinnii
782 336 1026 407 ceruini

383 524 921 615 Aptisaerciuuliset'expeditir,
953 573 956 577 .
985 549 1003 577 ,·
1085 539 1112 583 2³.

383 637 535 713 Veranni
546 638 683 728 optime,
697 637 816 725 tuque,
828 637 1048 718 inid'abulle,
1067 663 1071 671 ¹
1096 645 1121 686 ιν·

382 749 474 829 Quid
488 773 600 817 rerum
614 750 753 839 geritis?
774 747 989 814 satisneni'im
1003 748 1097 815 isto:
1120 763 1126 776 ·’
1260 771 1269 799 ¹

384 859 514 948 Vappe,
530 855 727 947 frigoraque
739 859 1070 925 etdemem't'ulistis?
1087 863 1089 867 ’
1242 861 1263 923 5

381 968 590 1056 Ecquidnam
604 969 640 1034 in
655 968 780 1033 tabulis
794 976 888 1057 petet
899 969 1015 1035 lucelli

379 1080 598 1168 Expensum?
615 1086 653 1144 ut
665 1079 758 1163 mibi,
771 1079 830 1168 qui
844 1101 953 1145 meum
968 1088 1102 1170 secutus

263 1203 281 1211 ··
379 1188 579 1274 Praetorem,
601 1189 712 1255 refero
726 1188 841 1254 datum
859 1188 1002 1256 lucello:
1081 1182 1084 1188 ’

379 1298 411 1364 Ο
423 1298 575 1380 Memmi,
589 1299 676 1364 bene
692 1321 755 1382 me,
771 1320 810 1364 ια
824 1299 882 1365 diu
897 1300 1054 1388 supinum

325 1440 329 1449 ·
379 1411 473 1479 Tota
488 1411 553 1476 ista
572 1411 669 1476 trabe
680 1409 994 1487 lentusiurumasti.

378 1521 458 1606 sed,
470 1527 635 1611 quantum
649 1519 760 1605 video,
772 1520 846 1607 pari
860 1520 970 1587 fuistis

377 1633 487 1700 Casu:
509 1654 585 1698 nam
606 1632 713 1697 nihilo
735 1632 862 1699 minore
878 1652 981 1718 verpa

237 1800 263 1848 8.
278 1795 365 1844 Rotum
373 1795 400 1841 iu
410 1793 494 1841 luoelid
501 1794 540 1841 vel
551 1793 630 1844 dutum
640 1794 665 1840 iu
673 1793 753 1842 lucello
762 1801 837 1842 tentat
847 1793 932 1842 Heius.
942 1794 968 1842 in
980 1795 1041 1843 notis
1048 1796 1078 1842 ad
1089 1797 1174 1844 catull.

237 1867 261 1914 9.
277 1863 307 1909 In
324 1859 380 1907 edit.
398 1859 486 1907 Muret.
501 1863 525 1906 et
542 1857 596 1905 eliis
614 1859 652 1905 bie
668 1873 755 1906 novuni
775 1876 866 1907 carmen
883 1861 1013 1916 exorditur,
1030 1862 1071 1907 sed
1092 1874 1173 1909 eontra
1190 1863 1260 1911 fidem

204 1925 299 1974 Mscc.
319 1931 344 1973 et
360 1924 569 1986 antiquissimarum
585 1923 721 1980 editionum,
739 1929 765 1971 nt
782 1930 897 1972 testantur
913 1925 1023 1981 Vossius,
1039 1924 1127 1973 Statius
1144 1934 1168 1973 et
1184 1927 1260 1976 editor

204 1989 413 2052 Gentebrigiensis.
445 1988 525 2044 Certe,
535 2003 588 2050 qnae
597 1995 733 2050 sequnntur,
745 1989 831 2050 optime
842 1989 984 2051 respondent
995 1988 1192 2038 antecedentibus
1210 1991 1260 2050 Qui

203 2056 249 2104 boo
259 2069 352 2104 dernier
359 2053 481 2109 divellunt,
491 2051 557 2109 fuisti
567 2053 699 2130 profuistis
709 2069 733 2099 in
740 2069 764 2101 v.
772 2058 811 2101 11.
823 2060 847 2100 et
857 2053 964 2118 refertus
973 2052 1086 2118 proferte
1096 2057 1147 2102 estis
1157 2055 1181 2102 in
1190 2061 1259 2106 1.13.

200 2119 284 2168 inritis
292 2119 510 2181 nodioibuslegnnt
522 2117 648 2166 Heinsius
641 2134 665 2164 in
674 2124 721 2165 not.
731 2119 760 2166 ad
767 2119 819 2166 Cat
830 2119 914 2165 misere
923 2134 947 2165 in
954 2117 1020 2164 hoe
1006 2133 1107 2165 earmine
1116 2121 1259 2167 emendando

202 2186 306 2234 fluotsat
318 2185 389 2231 modo
400 2199 441 2247 pro
453 2182 559 2246 essentiis
567 2182 619 2230 vult
630 2181 654 2230 It
657 2181 748 2245 fartus
755 2184 825 2230 modo
833 2183 925 2244 probat,
937 2183 1000 2242 quod
1009 2183 1095 2230 debili.
1107 2185 1165 2231 siit.
1177 2185 1260 2247 scripti

202 2250 298 2299 oodioes
308 2249 408 2296 babent:
427 2262 480 2309 pon
474 2247 574 2311 fuistis
582 2262 635 2294 euru
651 2253 675 2294 et
686 2246 753 2295 Furti
763 2249 820 2304 estis,
830 2247 901 2294 modo
910 2252 974 2292 reete
984 2248 1090 2294 oodieem
1100 2249 1260 2297 Orioniensem

201 2330 233 2363 ea
244 2329 290 2374 nno
301 2313 347 2361 dno
354 2313 521 2388 epigramineta
530 2312 607 2359 faeere
615 2311 716 2378 judioat.
727 2328 771 2373 pro
783 2312 875 2360 lentus
868 2328 891 2358 in
900 2327 924 2358 r.
935 2315 973 2359 10.
1001 2311 1088 2360 Vossius
1098 2329 1128 2360 ex
1137 2314 1259 2362 veteribus

199 2370 268 2426 libris
279 2377 387 2439 reposuit
396 2383 478 2424 teritus.

202 2517 240 2567 eis
250 2522 378 2581 reportans.
393 2515 423 2564 de
433 2515 520 2564 cohorte
532 2514 580 2564 rid.
598 2530 662 2578 supr.
674 2516 703 2563 ad
755 2530 811 2562 casu
826 2514 959 2561 reeordatio
977 2512 1097 2575 sniiquum
1115 2532 1144 2562 ex
1163 2518 1258 2566 sordida

203 2589 281 2639 (lam.
292 2591 327 2638 X.
340 2593 380 2636 11.
755 2589 806 2648 eJns
817 2586 916 2634 avaritia
924 2591 948 2633 et
962 2586 1120 2635 illiberalitete
1129 2589 1175 2636 sibi
1184 2591 1258 2638 inflic-

233 2668 258 2713 ι.
274 2661 347 2724 Aptit.
364 2675 421 2709 tare.
435 2668 458 2708 et
472 2658 630 2722 erp.seroinae
646 2668 704 2721 epte
755 2665 803 2706 tum
815 2659 919 2706 dolorem
929 2659 1073 2708 retriuierai
1094 2662 1154 2719 Qnae
1164 2663 1257 2723 quidem

201 2741 321 2797 suntque
328 2733 449 2781 oommode
462 2724 662 2794 ξαιιιιιροιιιιιιι,
673 2732 703 2779 ad
754 2730 874 2794 inopinate
894 2732 924 2779 nd
942 2732 1058 2779 hominem
1077 2736 1196 2782 absentem
1216 2751 1257 2783 ne·

201 2807 337 2870 gestandum
345 2807 403 2853 bene
410 2810 472 2867 sptae
478 2809 502 2852 et
513 2803 703 2860 eonommodatoe‚
754 2818 824 2866 qnam
839 2806 965 2879 impiet
982 2813 1092 2866 quantun
1110 2807 1154 2854 siin
1172 2809 1257 2857 babent

199 2896 280 2943 parrae
290 2886 315 2926 et
328 2877 427 2926 habiles.
445 2872 549 2940 mpedito
563 2891 644 2939 parum
662 2891 702 2922 on·
753 2877 783 2924 ad
791 2873 989 2925 vehementiorem
999 2878 1070 2926 enimi
1079 2881 1257 2929 commotionem

200 2950 417 3008 animosissime.
460 3012 463 3018 Ι
753 2949 938 3036 exprimendum,
955 2966 1001 2997 non
1021 2951 1121 3000 sensisse
1138 2953 1257 3011 videntur,

232 3025 257 3074 5.
274 3024 332 3072 Cum
343 3024 384 3070 isto
397 3019 483 3084 Vuppo.
499 3022 550 3068 bieo
565 3036 613 3069 vox
627 3026 733 3067 trans·
752 3021 889 3085 quinorum
900 3038 993 3070 carmen
1003 3023 1059 3070 bio
1052 3025 1156 3086 incipere
1167 3032 1256 3073 statne·

198 3093 702 3157 letenvinoeorruptonotatlioininemne·
752 3101 817 3152 rent,
834 3101 858 3142 et
877 3096 907 3141 nb
928 3096 1078 3143 antecedente
1098 3096 1255 3160 sejungerent

197 3174 303 3231 quamet
315 3167 402 3213 nulline
413 3165 491 3228 pretii
495 3160 701 3227 quemadmodum
752 3165 802 3214 viil.
814 3167 875 3213 Ver.
892 3168 960 3214 lieet
972 3166 1006 3212 de
1014 3166 1176 3216 Msimtivid.
1170 3185 1254 3231 .snpr.

199 3239 453 3302 spndAristoplrsnein
464 3233 535 3297 iiimc-
752 3238 870 3287 adcarm.
881 3239 916 3286 X.
935 3242 976 3286 12.
994 3239 1091 3287 teneus
1108 3242 1186 3289 nediu
1203 3257 1254 3304 sup.

231 3315 256 3361 6.
272 3310 385 3373 Ecquidu.
395 3309 481 3357 iutob.
485 3317 534 3370 pot.
545 3315 591 3356 eet
613 3311 701 3358 Sensus
751 3318 798 3358 oet.
807 3311 864 3372 ιιι.-
870 3310 971 3371 turpiter
981 3317 1006 3357 et
1016 3310 1136 3359 inhoneste
1146 3328 1183 3361 me
1193 3322 1255 3362 tren

199 3389 250 3434 eet:
267 3385 332 3431 Num
342 3394 471 3446 expensum
480 3398 504 3429 in
515 3381 601 3430 tabulis
610 3382 700 3431 vestris
750 3384 816 3441 tn'sti,
839 3368 935 3432 sordide
954 3389 979 3430 et
996 3383 1144 3432 illiberaliter
1162 3401 1254 3434 meeum

198 3456 404 3522 unqnsmluornm
416 3463 440 3504 et
450 3463 574 3518 receptum
586 3455 699 3523 epperet?
750 3455 830 3520 egisti.
861 3456 947 3503 Verbis
966 3455 1075 3508 ebionitis
1091 3464 1116 3505 et
1134 3457 1255 3520 impudica

198 3537 226 3580 tit
242 3529 299 3578 tullii
314 3527 371 3578 olim
385 3528 492 3586 eddidit,
500 3540 554 3576 enin
576 3537 699 3592 pretorem
748 3527 851 3590 imagine
867 3542 917 3576 rem
931 3543 978 3576 non
996 3527 1128 3586 obruerem,
1144 3532 1186 3579 sed
1203 3538 1254 3580 tur·

198 3614 276 3653 tuem
297 3602 323 3650 in
345 3603 493 3664 Bithyniam
503 3608 599 3650 seeutns
621 3605 701 3650 datum
749 3614 804 3664 pem
816 3609 840 3648 et
855 3600 1002 3650 inhonestam
1016 3601 1143 3664 expressit.
1163 3605 1211 3652 vid.
1223 3606 1254 3653 ed

197 3677 398 3737 beexpensom
411 3676 467 3739 (dus
473 3674 703 3738 sugeretteplncriet
749 3674 826 3722 Germ.
844 3674 880 3722 X.
893 3679 949 3725 ta.
966 3675 992 3723 Si
1005 3676 1131 3724 verborum
1146 3678 1253 3741 proprie·

198 3748 288 3812 eooepti
296 3746 366 3796 loeo
358 3757 383 3795 in
391 3748 478 3797 tubulis
487 3747 590 3795 seribere
596 3761 701 3808 eogerer
748 3751 821 3794 tatem
832 3753 932 3810 spartea,
939 3749 1033 3809 sepium
1041 3749 1162 3796 adumbret
1168 3767 1253 3814 σχιμιι

197 3819 426 3882 Feolebntigitnrin
443 3820 538 3876 tabulis,
553 3813 700 3866 nbilnernm
748 3818 849 3867 bominis
867 3819 990 3869 muliebria
1004 3820 1122 3883 patientis.
1140 3822 1201 3871 trabs
1215 3828 1253 3870 est

196 3893 605 3980 relanoeptnmsppsreredebebst,
614 3897 701 3938 ιιιιιιι-
748 3890 774 3938 ri
797 3891 871 3956 eriges
889 3892 970 3942 sititis.
992 3895 1023 3942 ot.
1046 3895 1129 3942 Bertb.
1151 3894 1251 3942 Advers.

196 3981 243 4031 que
254 3967 360 4030 peginam
370 3981 497 4028 expensum.
510 3967 541 4013 οι.
552 3967 658 4013 Gronov.
670 3965 700 4011 de
750 3964 1251 4032 nxt.12.*quemadmodumiiiimniipui

196 4041 255 4089 Peo.
265 4038 320 4088 Vet.
329 4039 380 4086 111.
392 4043 432 4087 172
445 4055 500 4101 pag.
511 4040 569 4088 55⁷.
578 4044 642 4100 potet
653 4036 701 4085 ele·
747 4037 852 4087 Mertial.
865 4039 918 4089 'XL
930 4041 970 4089 51.
991 4041 1072 4098 butus,
1089 4041 1189 4088 Veneris
1206 4054 1251 4089 usn

196 4116 278 4174 genter
288 4114 313 4159 et
322 4127 418 4175 proprie
429 4127 454 4159 in
465 4110 554 4159 retrone
568 4109 700 4158 tubulorum
746 4110 832 4169 lisine,
849 4113 982 4177 languidus,
993 4113 1123 4169 eonteetus.
1139 4113 1249 4176 Propert.

195 4198 240 4279 pro
250 4191 292 4242 est,
301 4193 380 4242 αιιιαι,
391 4192 494 4247 apparet.
746 4183 780 4232 ll.
792 4185 833 4235 15.
841 4189 872 4238 8.

199 4260 253 4307 ’.9
269 4257 405 4307 Graviter
396 4273 474 4322 ipsum
494 4255 632 4306 Memmium
649 4258 699 4322 jun
779 4261 819 4307 12
843 4255 987 4308 Nusuits'le
997 4260 1053 4307 min
1064 4273 1125 4320 vesp.
1118 4256 1249 4323 .siirtiist.

165 4392 170 4408 ι
195 4329 329 4394 alloquitur
347 4334 415 4394 enjus
434 4331 458 4382 ιι
481 4330 552 4381 simili
572 4330 700 4411 emiserim
746 4331 776 4380 ab
790 4345 857 4396 eque
875 4332 940 4396 turpi
958 4330 1050 4431 bonine
1067 4331 1128 4382 niele
1144 4331 1249 4382 ιιιιιαιιιι
