2872 4972
277 399 280 403 ·
328 358 812 436 OBSERVATIONES
841 371 1096 444 CRITIGAE.
1196 383 1241 448 33

186 544 258 606 inde
270 546 406 633 deductis
417 551 463 629 (ut
475 540 676 634 Chrysopolis,
688 545 873 636 Chalcedon)
883 559 1075 641 significatur.
1116 565 1175 627 Vd.
1188 566 1242 629 So·

185 637 237 697 liui
252 639 428 721 polyhistor.
439 663 468 704 c.
478 648 528 706 su.
1075 659 1077 668 ’

350 850 386 882 rs.
398 838 438 883 1⁷.
757 847 783 889 ut
794 843 881 904 puella

510 928 582 963 snum
590 917 735 967 malacorona
741 918 879 969 beatiorem

186 1046 235 1108 lta
253 1056 333 1108 recte
347 1047 466 1129 legitur,
482 1063 515 1112 ut
529 1063 574 1113 est
585 1052 616 1114 in
627 1055 763 1116 omnibus
779 1056 865 1117 Statii
879 1056 984 1132 MSS„
993 1058 1026 1118 in
1040 1059 1114 1123 Cod.
1128 1062 1242 1144 Cujacii

187 1151 218 1200 et
230 1141 388 1202 Dresdensi
398 1154 430 1203 et
443 1144 472 1203 in
487 1145 570 1206 editt.
581 1146 699 1208 Vieent.
713 1148 796 1210 Brix.
813 1160 844 1210 et
857 1150 1141 1215 Veneta—Aldinae
1153 1156 1244 1225 lectio

187 1233 344 1308 beatiorum,
364 1255 383 1295 a
409 1236 561 1318 Scaligero
573 1244 637 1316 jam
660 1252 838 1323 oppugnata,
858 1245 1032 1323 conjectura
1050 1258 1101 1315 ‚est
1118 1248 1243 1310 Avantii.

189 1322 241 1385 sic
261 1325 337 1387 infra
358 1327 464 1388 dicitur
484 1352 553 1391 uuus
574 1334 769 1414 caprimulgru.
788 1332 892 1397 XXII.
909 1341 956 1399 10.
1002 1337 1080 1398 Unus
1093 1341 1243 1401 beatiorum

186 1427 264 1478 esset
277 1417 297 1480 i.
313 1440 343 1500 q.
357 1440 433 1481 unus
448 1423 494 1482 vel
513 1425 591 1486 sulus
606 1445 645 1486 ex
663 1424 757 1487 beatis
770 1437 803 1486 ut
826 1427 853 1490 l.
872 1435 920 1500 5.;
940 1430 1020 1510 quod
1038 1433 1126 1512 poeta
1138 1435 1242 1496 uoluit.

186 1508 245 1662 Xd
269 1531 324 1665 app
346 1514 518 1671 deXXII.
548 1518 667 1601 Optime
686 1541 756 1582 vero
775 1520 856 1583 hunc
878 1522 977 1585 locum
996 1522 1122 1588 illustrat
1144 1528 1241 1591 Plaut.

220 1621 276 1667 sm.
326 1650 334 1668 .
370 1652 376 1668 .
430 1652 438 1668 .

382 1806 419 1841 rs.
431 1794 463 1841 19
473 1792 692 1856 —proviucia
699 1794 762 1856 quod
775 1795 836 1842 mala
846 1792 979 1843 incidisset.

187 1925 259 1986 Hoc
273 1948 392 2008 quoque
409 1931 447 1990 ab
462 1930 591 1991 Avantio
605 1931 782 2011 profectum,
794 1943 825 1992 et
835 1933 864 1991 in
875 1932 1013 1993 Aldinam
1022 1946 1174 2015 receptum
1185 1952 1241 2011 est,

186 2020 264 2079 unde
279 2020 310 2080 in
332 2022 404 2082 alias
417 2022 564 2103 migrarit.
604 2025 715 2085 Postea
730 2025 840 2086 Statius
852 2026 883 2084 in
897 2025 1000 2087 Maffei
1011 2027 1085 2087 libro
1097 2028 1176 2088 idem
1197 2031 1242 2090 in·

188 2113 269 2173 veuit
282 2118 357 2192 quod
371 2119 453 2189 mour,
468 2117 498 2177 in
508 2116 628 2197 reliquis
639 2137 710 2178 vero
725 2118 824 2179 codd.
838 2121 885 2196 qui
895 2121 978 2178 mulo.
1018 2119 1089 2201 Ipse
1100 2123 1242 2184 emenda·

187 2206 239 2279 vit,
260 2228 340 2286 quau
353 2213 434 2272 mula.
463 2210 559 2273 Editt.
572 2222 646 2272 vett.
660 2210 728 2272 vic.
742 2212 796 2271 Br.
812 2222 843 2272 et
854 2210 975 2275 Venett.
997 2231 1056 2290 qua
1068 2216 1146 2287 mole,
1158 2219 1240 2296 quod

187 2302 276 2363 etiam
290 2304 439 2365 Guarinus
463 2305 823 2368 commemorat-Persi.
844 2305 999 2385 adscripsit
1019 2307 1043 2364 si
1062 2309 1143 2367 motu.
1184 2309 1240 2370 Di·

188 2405 260 2456 cunt
268 2396 368 2458 Latini
382 2418 463 2476 quum
477 2399 508 2480 (i.
527 2419 553 2463 e.
574 2397 888 2478 paurpaurai-tumea,
902 2398 950 2459 vel
963 2399 1022 2460 hoc
1036 2399 1155 2460 omisso.
1187 2400 1238 2462 Sic

188 2489 254 2555 eie..
267 2511 299 2569 p.
311 2491 398 2553 Milo.
409 2496 460 2554 35.
472 2492 561 2553 stall.
575 2494 607 2555 ll.
648 2491 747 2565 Quod,
762 2512 831 2553 cum
844 2492 874 2551 in
884 2493 981 2553 Codd.
996 2494 1082 2570 quiet
1093 2481 1136 2571 qur
1149 2493 1239 2555 facile

104 2652 107 2657 ¹
188 2583 361 2643 commutari
384 2585 543 2663 potuerint,
567 2585 692 2646 fortasse
715 2585 805 2645 etiam
826 2585 883 2643 hoc
898 2584 965 2644 loco
980 2584 1192 2664 recipiendum,
1207 2598 1240 2645 ut

188 2674 231 2735 sic
246 2676 360 2754 legatur
380 2697 461 2754 quum
481 2680 553 2737 molo
572 2680 721 2739 incidisset.
764 2678 813 2737 De
836 2678 928 2738 verbo
946 2679 1064 2738 incidire
1088 2679 1128 2740 cf.
1151 2679 1239 2760 Prop.

188 2767 329 2833 lusus.

381 2977 418 3009 vs.
429 2961 470 3009 25.
501 2962 598 3021 Qnoero,
608 2961 693 3026 inquit,
702 2961 769 3019 milri,
780 2960 920 3018 mlestullo,
929 2960 1041 3029 paulum..

383 3041 446 3086 Istos
458 3040 589 3096 commoda,
601 3054 654 3087 uam
662 3039 718 3087 uolo
726 3039 758 3088 ad
768 3037 868 3101 Serapis

383 3115 487 3163 Deserri.

187 3256 235 3317 Ita
244 3255 351 3335 legitur
363 3255 393 3312 iu
408 3253 541 3314 omnibus
556 3252 651 3311 MSS.
668 3252 763 3324 Statii,
776 3251 949 3312 commelin.
961 3252 1056 3312 Palat.
1066 3251 1196 3316 Merubr.
1208 3266 1239 3315 et
1284 3265 1287 3270 '

187 3350 296 3430 Papyr.
314 3347 345 3406 iu
358 3346 523 3407 Dresdeus.
541 3355 573 3404 et
593 3344 623 3403 in
648 3343 719 3403 edit.
734 3343 850 3403 Visent.
865 3344 947 3403 Brix.
965 3355 995 3405 et
1006 3345 1136 3418 Veneta,
1159 3350 1239 3428 quod

185 3455 280 3504 metro
294 3442 430 3502 laborm
446 3442 509 3518 Jam
523 3437 651 3498 editores
672 3436 792 3496 Aldina
812 3447 965 3497 mutarunt
984 3441 1052 3497 istos
1070 3442 1238 3512 commoditu,

186 3516 254 3595 uolo.
296 3527 382 3593 Idem
395 3531 519 3590 tentavit
532 3528 682 3590 Guarinus
696 3540 791 3610 pater,
806 3530 911 3608 rejecit
933 3530 1054 3590 Statius.
1097 3530 1240 3610 Scaliger,

186 3639 219 3688 ut
232 3638 326 3687 metro
340 3624 518 3696 consuleret,
533 3622 649 3703 scripsit
671 3624 749 3696 istos,
768 3624 903 3682 commodo
922 3642 984 3680 uum
995 3627 1065 3695 uolo,
1080 3624 1162 3702 quod
1173 3624 1240 3704 plu·

183 3739 231 3781 res
239 3719 428 3799 receperunt.
465 3716 508 3775 At
521 3733 609 3796 quam
619 3715 696 3775 male
709 3714 897 3786 consuluerit,
909 3712 1088 3793 Doeringins
1100 3715 1172 3775 sads
1186 3717 1239 3776 de·

184 3813 314 3875 claravit.
353 3809 478 3870 Guariui
493 3809 656 3869 mutatione
667 3809 845 3869 vocabulum
864 3828 882 3868 a
901 3806 1010 3868 Latino
1024 3809 1240 3869 sermonculis-

184 3928 254 3967 num
267 3905 471 3967 introducitur.
510 3906 587 3972 Quae
601 3904 723 3965 Vossius
745 3904 784 3962 de
797 3904 898 3963 ultima
910 3899 1050 3984 correpta
1066 3905 1149 3965 verbi
1166 3925 1239 3964 com·

184 4003 264 4062 modu
276 3999 355 4072 dicit,
370 4016 458 4078 nugae
468 4008 546 4059 suut.
578 3999 877 4078 conjecturumvero,
888 4016 976 4077 quam
985 3995 1239 4078 Doeringiuspro-

184 4094 252 4155 tulit
268 4094 382 4173 paulum
404 4094 480 4166 istos,
503 4094 644 4165 cuuuuodc,
666 4090 896 4171 intelligere-uix
917 4108 1032 4171 posses,
1054 4091 1116 4151 nisi·
1135 4100 1240 4151 auctor

184 4186 408 4266 explicationem
420 4183 581 4246 addidisset
592 4182 686 4246 hanc:
708 4190 848 4266 “quaso,
860 4182 930 4243 milri
938 4183 1152 4264 paulominus,
1167 4193 1238 4244 note

183 4279 255 4342 mihi
264 4280 440 4344 liberalitate
453 4288 523 4353 ωας
541 4279 605 4357 vel,·
613 4290 647 4342 tu
660 4278 711 4363 qui
720 4278 876 4345 mansio
884 4270 1020 4362 tenpore
1028 4270 1091 4357 juin
1103 4296 1153 4343 ure
1165 4296 1240 4341 eon·

1153 4514 1156 4521 ι
1286 4512 1295 4523 a
1322 4504 1335 4541 ¹¹.

981 4612 991 4629 ὃ

972 4642 992 4671 Ι..
1026 4646 1045 4672 1,

804 4680 809 4695 Ι

928 4794 934 4807 Ι
