2872 4972
200 352 245 431 rs
349 410 352 415 .
409 350 620 451 annun
650 353 711 420 ru
741 353 1042 423 carnutum

234 652 237 657 ι
450 586 579 635 Benefrote
589 588 998 647 male‘locatr,melefrctnrbitror,

197 709 245 789 rel
257 709 316 773 hoc
328 709 439 791 antiqui
451 714 565 792 po‘e'tar:

441 865 557 914 Beneficia
568 865 590 915 in
602 865 686 928 vulgus
698 883 750 916 oum
761 865 843 930 largiri
855 867 991 922 institueris,

442 940 567 988 Pordenda
577 950 632 989 sunt
640 943 722 998 multa,
734 951 759 990 ut
771 943 840 990 semel
849 958 922 1005 ponas
933 945 1000 990 bene.

197 1082 296 1146 Carm.
317 1080 431 1143 LXIV.
453 1086 521 1145 106.
563 1081 672 1162 Recipi
694 1083 822 1144 debebat
843 1081 933 1143 lectio
948 1081 1094 1150 ,comeum
1114 1079 1256 1157 duorum.

196 1195 271 1256 quos
282 1175 427 1247 Columna
440 1175 596 1248 consuluit,
611 1187 641 1237 et
656 1187 788 1255 excerpt.
803 1176 940 1236 Vatican.
956 1174 1072 1237 Ursini:

511 1352 649 1416 Conigersm
661 1353 752 1403 nutanti
760 1353 848 1401 vertice
861 1354 942 1416 pinum

195 1507 310 1575 amsa
323 1507 499 1568 auctoriate
521 1505 618 1581 anun,
635 1505 696 1589 qur,
711 1505 790 1587 spur
804 1504 935 1566 carrum
950 1504 1051 1587 (xnr.
1065 1508 1128 1583 so.)
1142 1516 1173 1567 et
1188 1504 1256 1568 uo·
1312 1473 1316 1479 ’

185 1600 277 1689 nium
287 1618 312 1660 s.
325 1619 353 1660 v.
365 1618 516 1677 cupressus,
530 1597 589 1658 ita:

420 1777 538 1840 capitlbn’
547 1777 663 1825 romuleis
675 1777 743 1841 pinos
756 1784 880 1839 rectosque
891 1792 1030 1839 cupressos3

191 1960 329 2023 quocum
344 1940 450 2001 itemm
472 1939 667 2001 conferendus
681 1951 726 2001 est
740 1961 783 2002 vs.
799 1941 963 2003 290.-vs.
980 1943 1150 2002 raa-191.
1167 1938 1253 2001 illus·

191 2040 308 2096 t'rantur
322 2031 408 2092 Accii
420 2031 515 2092 verbis
536 2031 614 2111 apud
636 2032 716 2093 Non.
732 2034 770 2093 de
784 2052 846 2092 rar.
866 2032 942 2111 sign.
968 2050 1054 2092 serm.
1074 2051 1105 2111 p.
1119 2034 1191 2096 307.
1206 2032 1253 2112 (in

192 2125 471 2209 Epinausimach.)t,
490 2133 510 2164 “
525 2126 640 2186 Tamen
659 2126 741 2186 haud
759 2125 888 2198 fatiscar,
910 2125 980 2206 quin
993 2137 1074 2185 tuam
1092 2126 1250 2205 implorem

147 2221 150 2227 '
190 2219 450 2281 fidem.”·-Carm.
465 2216 609 2285 Lxxvl.
629 2238 658 2280 v.
683 2224 734 2280 20.
755 2219 917 2298 comparari
936 2219 1027 2278 debet
1048 2238 1115 2278 cum
1137 2217 1250 2279 Lucilii

190 2313 359 2394 lbagmento
373 2311 453 2391 apud
464 2310 595 2370 Nonium
609 2332 633 2371 s.
647 2333 675 2372 v.
689 2323 780 2372 catur.
802 2311 872 2372 Alia
886 2311 971 2371 infra.

234 2407 280 2465 At
301 2405 491 2483 interpretem
507 2404 616 2462 Catulli
635 2424 694 2463 non
708 2405 801 2464 solum
821 2405 1022 2464 demonstrare
1037 2413 1162 2482 oportet,
1176 2402 1251 2482 quid

190 2497 256 2578 ipse
269 2488 457 2575 suo‘ingenio
472 2494 608 2556 debuerit
627 2503 722 2576 potita,
738 2497 845 2574 quidve
860 2496 933 2566 aliis,
949 2496 1002 2555 sed
1022 2496 1108 2554 etiam
1122 2493 1159 2553 ad
1173 2514 1250 2554 con.
1318 2509 1321 2512 ·

192 2586 287 2649 sillam
301 2588 429 2647 auctoris
444 2587 600 2666 diligenter
613 2589 777 2659 attendere,
789 2598 820 2648 et
834 2588 959 2663 cujusvis
972 2587 1106 2647 carminis
1115 2586 1250 2646 indolem

191 2691 280 2761 atque
303 2679 455 2759 ingenium
473 2679 659 2759 perscrutari,
680 2690 712 2739 ut
736 2690 874 2740 accurate
897 2690 1069 2758 cognoscat,
1094 2697 1250 2758 quousque

190 2783 397 2852 argumentum
410 2773 476 2849 ejus
486 2781 605 2855 pateat.
648 2771 726 2831 Nam
740 2773 811 2832 satis
826 2780 952 2847 constat,
972 2771 1002 2829 in
1017 2770 1168 2830 codicibus
1182 2788 1249 2830 car·

190 2865 269 2924 mina
280 2864 340 2943 legi
353 2864 396 2923 ita
410 2873 542 2934 consuta,
559 2874 591 2922 ut
601 2863 723 2942 singulis
734 2864 831 2923 aliena
840 2864 1068 2935 admisceantur,
1079 2882 1135 2921 nec
1146 2872 1249 2940 partes

190 2957 253 3015 ullo
266 2974 369 3015 sensus
380 2954 495 3014 vinculo
510 2954 586 3014 inter
605 2974 637 3014 se
652 2958 879 3034 conjungantur.
922 2955 1029 3034 Neque
1044 2954 1124 3024 ordo,
1140 2974 1199 3032 quo
1212 2973 1248 3014 se
1342 3034 1345 3041 Ι

189 3047 340 3126 excipiunt
364 3045 503 3115 carmina,
530 3066 549 3104 a
571 3053 661 3125 potita
684 3047 836 3126 profectus
861 3055 915 3104 est.
957 3046 1046 3105 Plura
1068 3046 1246 3124 fragmenta,

190 3159 257 3219 quae
272 3138 303 3199 in
322 3137 589 3197 Grammaticorum
602 3138 683 3197 libris
704 3139 830 3218 allegata
849 3136 1121 3217 deprehendebant,
1137 3137 1251 3221 librarii

115 3252 118 3258 ·
189 3229 366 3291 carminibus
380 3228 502 3307 integris
524 3228 742 3309 adscripsemnt
755 3232 802 3291 vel
823 3232 860 3291 ob
882 3232 1091 3291 sententiarum
1113 3231 1247 3293 similitu·

190 3322 299 3394 dinem,
310 3320 358 3380 vel
372 3320 411 3379 ob
422 3322 575 3380 verborum
590 3322 806 3402 repetitionem.
827 3324 885 3383 Vd.
901 3323 987 3384 XIV.
1001 3326 1040 3388 27
1053 3345 1097 3404 sq.
1112 3323 1162 3383 cll.
1175 3343 1256 3389 cum,
1325 3387 1329 3391 ,

188 3413 290 3474 XVII.
305 3418 353 3474 14.
373 3411 423 3483 L,
437 3423 468 3471 et
481 3412 547 3484 alia,
569 3433 693 3492 quorum
712 3416 852 3475 nonnulla
873 3415 949 3474 infra
961 3416 1152 3496 proferemus.
1193 3415 1259 3481 Ac

188 3504 319 3586 quamvis
344 3502 464 3583 pristina
477 3503 571 3562 forma
595 3503 755 3565 carminum
779 3526 816 3565 ea
837 3506 951 3566 ratione
966 3517 1168 3585 corruptorum
1183 3526 1247 3566 non

187 3597 243 3658 nisi
259 3603 428 3673 conjectura
438 3596 500 3656 erui
513 3596 613 3675 possit,
629 3597 722 3657 critici
733 3610 832 3658 tamen
844 3611 898 3672 est,
913 3599 1022 3659 indicia
1034 3599 1131 3658 facere
1143 3598 1246 3676 singu·

187 3690 282 3751 larum
305 3689 443 3770 partium.
484 3689 599 3755 Quodsi
615 3690 724 3749 Catulli
743 3692 887 3770 interpres
909 3691 1096 3769 conjectandi
1114 3691 1247 3750 necessi-

187 3793 250 3843 tate
264 3802 324 3843 non
344 3782 453 3841 abusus
465 3779 564 3851 fuerit,
586 3781 742 3860 aliquando
756 3795 829 3863 puto
848 3784 922 3855 fore,
937 3795 972 3843 ut
989 3785 1088 3864 plures
1102 3783 1246 3843 tollantur

188 3873 380 3946 difficultates,
392 3882 422 3932 et
436 3872 565 3931 carmina
574 3873 691 3951 propius
703 3874 861 3952 genuinam
876 3894 959 3934 suam
972 3875 1181 3954 proprietatem
1195 3892 1245 3935 re·

171 3962 344 4029 ducantur.
386 3966 453 4027 Nec
468 3967 505 4025 de
528 3967 660 4027 omnibus
678 3968 764 4041 locis,
785 3988 859 4048 quos
875 3968 1008 4029 codicum
1026 3968 1137 4028 auxilio
1151 3987 1246 4049 eppe·

189 4061 253 4122 dire
267 4059 397 4121 nondum
410 4059 499 4131 lIcuit,
515 4060 747 4138 desperaverim
760 4061 850 4121 immo
864 4062 1006 4123 credibile
1020 4072 1075 4134 est,
1086 4062 1246 4140 aliquando

186 4154 277 4243 libros
296 4151 401 4212 nostris
416 4152 594 4232 antiquiores
608 4163 639 4214 ct
651 4153 814 4217 scribarum
828 4155 973 4223 erroribus
991 4155 1087 4220 minus
1101 4154 1245 4235 deprava·

187 4257 234 4308 tos
246 4255 395 4329 repertum
408 4243 452 4304 iri
