2872 4972
219 343 285 413 29⁴
377 341 648 411 ELEGIADE
671 343 810 447 ΟΟΜᾉ
833 344 1121 415 BERENICES.

350 534 423 597 Τιῦν
435 529 633 619 Ἀριαδνεῖων
646 533 781 618 χρύσεος
794 533 825 597 ἐκ
840 529 1003 619 κροτάφων

308 640 345 708 ‘0
358 646 510 728 στέφανος
530 641 671 729 πηγνῦτ’·
684 638 729 708 ἰ’δε
742 637 906 727 λᾶμπομεν
919 641 1018 727 ἄμμες
1031 640 1074 708 ἐ’τι
1086 638 1126 719 δὴ

351 755 397 819 Τὰ
412 751 511 837 σκῦλα
532 750 651 829 ξανθῆς
665 753 731 839 ῖερᾶ
745 761 800 829 τῆς
814 762 960 839 κορυφῆς.

305 862 433 951 Ὕγρῶυ
447 860 624 942 ἐκδινφύων
638 864 744 946 τεμένη
757 864 839 949 πρὸς
856 861 921 928 θεῖα
937 859 990 929 θεᾶ
1003 892 1040 948 με
1069 910 1073 915 -
1186 916 1189 923 .

349 974 407 1040 ’Ev
421 982 488 1049 τοῖς
502 968 727 1060 πρεσβυτέροις
740 970 852 1059 ἄστέρα
866 977 939 1051 θῆκε
954 976 1036 1040 νέου.

307 1087 469 1170 Παρθένου
483 1083 502 1160 ἥ
518 1081 671 1170 χαλεποῖο
685 1087 822 1169 θῖγουσα
835 1085 873 1149 τὰ
887 1087 971 1166 φῶτα
985 1083 1116 1161 λέοντος

286 1262 290 1269 ,
351 1197 463 1280 Νύμφη
480 1192 654 1259 Καλλιστοῖ
667 1195 727 1260 σύν
740 1221 771 1259 τε
787 1196 944 1280 Λυκαονία

309 1309 365 1379 Εἰς
376 1301 496 1389 δυσμὴυ
508 1307 665 1390 τρέπομαι,
678 1301 782 1370 δειλοῦ
794 1301 926 1390 προᾶγω
939 1332 971 1370 τε
983 1306 1122 1383 Βοώτεω,

341 1413 404 1490 Ὃς
416 1414 510 1498 μόλις
521 1416 578 1498 ὀψὲ
596 1411 704 1500 βαθὺν
721 1413 797 1481 δύετ’
808 1417 840 1490 ές
853 1415 1016 1483 Ὠκεανόν.

305 1523 410 1592 Ἀλλᾶ
423 1553 459 1611 με
476 1531 560 1592 νυκτὶ
576 1528 659 1593 θεῶν
672 1523 762 1612 βαρέ
775 1525 866 1613 ῖχνεα
880 1529 1123 1613 κακκρύπταυσιν

348 1635 418 1703 Ἀοῖ
431 1640 469 1721 τᾷ
481 1635 578 1721 πολιᾷ
592 1641 677 1702 νυκτὶ
686 1636 884 1727 ὀφειλομένη.

306 1746 395 1813 Ταῦτ’
410 1748 471 1832 ἐγὼ
487 1749 511 1812 εἶ
529 1745 646 1827 λαλέω,
658 1745 866 1831 ῗΡαμυουσιᾶς
885 1748 974 1816 ῖλαθι
995 1751 1101 1836 κούρη,

350 1858 397 1922 Ού
409 1858 471 1944 γὰρ
486 1853 635 1923 ἄλᾶθεισυ
649 1859 802 1944 κρύφομαι
821 1856 913 1935 οῦδὲν
925 1861 995 1945 ἐγώ·
1045 1842 1049 1847 ’

305 1969 381 2046 Ούκ,
394 1971 418 2034 εἰ
431 1969 568 2054 οὐρανὸν
582 1969 702 2055 ἐχθρὸν
716 1967 844 2056 ἔχωμαι,
859 1973 989 2055 ἐτέμτιμα
1003 1969 1102 2036 εῖπιισ’

341 2077 478 2179 Ἐνθετσ
498 2080 531 2145 ἐν
546 2080 637 2163 θυμῷ
656 2080 699 2163 μὴ
713 2077 798 2166 λέγω
813 2079 971 2167 ἀτρεκέως·

305 2189 379 2276 Ούχ
392 2189 492 2265 οὕτως
507 2193 608 2276 χαῖρω
622 2192 754 2268 τούτοις,
770 2192 813 2268 ὡς
828 2188 978 2279 δυσχερὲς
993 2191 1090 2277 ἄμμιν

349 2307 463 2376 Στῆυαι
483 2300 547 2368 ιἰπὸ
561 2297 740 2378 δεσποτικαῖς
758 2301 867 2379 ἄῖδέως
886 2312 1034 2390 κορυφῆς,

297 2407 354 2476 Ἧι
368 2408 418 2494 ἄρ’
428 2411 563 2497 ὲγὼ,-ὅτε
576 2415 735 2499 παρθένος
752 2416 792 2490 ἦν
812 2411 980 2481 πάντεσσιν
993 2411 1133 2500 ἄμοιρος,

347 2524 414 2588 Σύν
424 2521 455 2610 γ’
467 2522 545 2608 αὐτᾷ
556 2525 664 2608 μύρων
679 2522 768 2609 χῖλια
781 2521 878 2590 πόλλ’
893 2523 992 2591 ἐ’πιον.

305 2639 372 2699 Νῦν
386 2632 417 2718 γ’
430 2635 516 2717 ὑμεῖς
534 2635 631 2721 ἐρατηῖ
644 2631 664 2698 ἄ
679 2631 785 2709 ζεῦξεν
799 2631 870 2721 φᾶεῖ
883 2637 990 2712 πεύκη,

344 2742 493 2832 Ἀνδρᾶσι
505 2747 548 2828 μὴ
559 2743 689 2831 φαῖνοισ’
708 2741 827 2810 οῦθατα
840 2745 945 2830 γυμνὰ
961 2742 1078 2831 φύλοις,
1162 2818 1165 2823 ,
1256 2714 1258 2719 Ι

304 2856 435 2938 Σώματα
448 2859 490 2939 μὴ
504 2857 659 2942 πρότερον
681 2851 883 2940 ὁμοθυμαδὸν
897 2852 1029 2942 ἄνδρασι
1043 2849 1131 2932 δῦτε,
1240 2885 1243 2890 ’

347 2970 429 3052 Πρέν
447 2965 478 3052 γ’
497 2968 570 3050 ἡμῖν
585 2969 604 3032 ὁ
620 2962 698 3040 ὄνυξ
712 2963 788 3052 δῶρ’
801 2967 906 3052 ἐρέηρα
921 2968 1000 3053 χέοι,

301 3074 463 3162 Ὕμέτερός
478 3103 515 3162 γε
528 3073 607 3151 ὄνυξ
624 3079 689 3144 τῶν
703 3075 813 3163 ἄγνιῦν
828 3075 1041 3164 θηλυτεράων.

345 3186 437 3254 Ἀλλ’
451 3185 470 3263 ἣ
483 3190 497 3253 ἑ
511 3191 634 3279 μοιχεία
645 3185 785 3262 ἐὲἱδοσεν
799 3193 893 3274 μιαρᾷ

305 3300 421 3384 Κούρη,
435 3305 528 3374 ταῦτα
542 3301 628 3374 κόνις
642 3302 708 3365 πέσε
723 3299 816 3385 εὐθὺς
832 3295 917 3385 δῶρα
929 3296 1046 3386 ἄδωρα,

347 3414 465 3495 Καῖπερ
481 3408 544 3476 ιἰτδ
558 3412 677 3497 μιαριῦν
692 3407 778 3497 δῶρά
791 3408 847 3476 τιν’
863 3408 920 3475 ούκ
934 3407 1043 3477 ἐθέλω.

300 3518 446 3606 Ὑμετέρα
458 3518 490 3585 θ’
505 3504 646 3603 ὁμόνοια,
660 3519 740 3606 ἔρως
753 3547 785 3586 τε
800 3523 914 3588 ναῖοιεν
935 3521 967 3596 ές
986 3523 1052 3586 αῖέν

268 3621 270 3625 ’
338 3625 694 3716 Ἔδρας-εῦσεβέων-αἶς
707 3630 804 3714 μέλον
818 3634 881 3697 ἐστι
894 3629 1017 3718 γᾶμων,

301 3745 347 3808 Σὺ
362 3739 405 3819 δὲ,
418 3737 699 3827 ἄνασσα-βλέπεις
709 3737 835 3828 ἄστρων
849 3744 900 3811 ὅτε
914 3743 1005 3828 φιῖεα,
1019 3741 1151 3828 ἄναιμον

342 3850 437 3939 Ἱραῖς
451 3851 591 3927 ἱλάσκοις
606 3853 695 3939 φᾶεσι
708 3854 766 3928 τὴν
782 3848 934 3938 Κύπριδα.
1015 3901 1017 3906 «

299 3963 366 4028 Ούκ
385 3964 504 4051 εὐχαῖς,
520 3965 550 4030 ὦ
558 3961 692 4043 ἄνασσα,
707 3965 808 4047 μόνον
822 3970 894 4039 σαῖς
908 3966 970 4031 εἰπὲ
984 3966 1055 4034 τειῖν
1069 3988 1123 4049 με,

341 4072 446 4139 Ἀλλὰ
459 4075 532 4141 τεὰν
548 4071 661 4160 δώροις
674 4077 760 4141 ποίει
768 4071 963 4160 ἀπειρεσίοις.

299 4185 403 4259 Δήνεα
416 4212 443 4248 τι
457 4183 488 4268 μ’
503 4187 616 4272 ἐπέχει,
638 4182 804 4261 δεσποίνης
821 4183 883 4251 εῖθε
896 4189 1057 4271 γενοίμην,

342 4294 378 4360 Κ’
390 4295 577 4384 Ἀρκτοῦρος
591 4293 709 4380 λᾶμποι
719 4294 840 4391 έγγνον
854 4294 1037 4385 Ἠριγόνης.
1153 4325 1157 4331 ·
