<?xml version="1.0" encoding="UTF-8"?>
<!DOCTYPE html PUBLIC "-//W3C//DTD XHTML 1.0 Transitional//EN"
    "http://www.w3.org/TR/xhtml1/DTD/xhtml1-transitional.dtd">
<html xmlns="http://www.w3.org/1999/xhtml" xml:lang="en" lang="en">
 <head>
  <title>
</title>
<meta http-equiv="Content-Type" content="text/html;charset=utf-8" />
  <meta name='ocr-system' content='tesseract 3.04.00' />
  <meta name='ocr-capabilities' content='ocr_page ocr_carea ocr_par ocr_line ocrx_word'/>
</head>
<body>
  <div class='ocr_page' id='page_1' title='image "./cvaleriicatulli00handgoog_0422.png"; bbox 0 0 2872 4972; ppageno 0'>
   <div class='ocr_carea' id='block_1_1' title="bbox 225 327 1068 405">
    <p class='ocr_par' dir='ltr' id='par_1_1' title="bbox 225 327 1068 405">
     <span class='ocr_line' id='line_1_1' title="bbox 225 327 1068 405; baseline -0.013 0"><span class='ocrx_word' id='word_1_1' title='bbox 225 337 269 405; x_wconf 80' lang='lat'>18</span> <span class='ocrx_word' id='word_1_2' title='bbox 434 334 642 405; x_wconf 78' lang='lat' dir='ltr'>HANDII</span> <span class='ocrx_word' id='word_1_3' title='bbox 673 336 733 403; x_wconf 89' lang='lat' dir='ltr'>IN</span> <span class='ocrx_word' id='word_1_4' title='bbox 764 327 1068 401; x_wconf 70' lang='lat' dir='ltr'>cannatum</span> 
     </span>
    </p>
   </div>
   <div class='ocr_carea' id='block_1_2' title="bbox 218 508 1284 1153">
    <p class='ocr_par' dir='ltr' id='par_1_2' title="bbox 218 508 1282 784">
     <span class='ocr_line' id='line_1_2' title="bbox 224 508 1282 600; baseline -0.019 -16"><span class='ocrx_word' id='word_1_5' title='bbox 224 540 341 584; x_wconf 87' lang='lat' dir='ltr'>carmen</span> <span class='ocrx_word' id='word_1_6' title='bbox 362 521 402 582; x_wconf 90' lang='lat' dir='ltr'>ad</span> <span class='ocrx_word' id='word_1_7' title='bbox 423 521 590 582; x_wconf 83' lang='lat' dir='ltr'>Cornelium</span> <span class='ocrx_word' id='word_1_8' title='bbox 610 520 760 600; x_wconf 87' lang='lat' dir='ltr'>scriptum.</span> <span class='ocrx_word' id='word_1_9' title='bbox 800 515 951 595; x_wconf 70' lang='lat' dir='ltr'>Ejusmodi</span> <span class='ocrx_word' id='word_1_10' title='bbox 965 532 1035 573; x_wconf 91' lang='lat' dir='ltr'>vero</span> <span class='ocrx_word' id='word_1_11' title='bbox 1055 508 1193 579; x_wconf 89' lang='lat' dir='ltr'>carmina,</span> <span class='ocrx_word' id='word_1_12' title='bbox 1207 523 1282 586; x_wconf 76' lang='lat' dir='ltr'>quar</span> 
     </span>
     <span class='ocr_line' id='line_1_3' title="bbox 218 599 1282 697; baseline -0.015 -24"><span class='ocrx_word' id='word_1_13' title='bbox 218 613 423 697; x_wconf 79' lang='lat' dir='ltr'>¹dedicationes</span> <span class='ocrx_word' id='word_1_14' title='bbox 437 625 553 684; x_wconf 88' lang='lat' dir='ltr'>vocant,</span> <span class='ocrx_word' id='word_1_15' title='bbox 567 623 598 674; x_wconf 85' lang='lat' dir='ltr'>et</span> <span class='ocrx_word' id='word_1_16' title='bbox 612 613 736 673; x_wconf 80' lang='lat' dir='ltr'>exordia</span> <span class='ocrx_word' id='word_1_17' title='bbox 748 631 767 672; x_wconf 93' lang='lat' dir='ltr'>a</span> <span class='ocrx_word' id='word_1_18' title='bbox 781 607 988 672; x_wconf 67' lang='lat' dir='ltr'><strong>Grammaticis</strong></span> <span class='ocrx_word' id='word_1_19' title='bbox 1001 603 1130 665; x_wconf 83' lang='lat' dir='ltr'>maxime</span> <span class='ocrx_word' id='word_1_20' title='bbox 1144 599 1282 660; x_wconf 57' lang='lat' dir='ltr'>declaras</span> 
     </span>
     <span class='ocr_line' id='line_1_4' title="bbox 224 696 1239 784; baseline -0.016 -20"><span class='ocrx_word' id='word_1_21' title='bbox 224 705 310 765; x_wconf 89' lang='lat' dir='ltr'>tionis</span> <span class='ocrx_word' id='word_1_22' title='bbox 323 725 410 765; x_wconf 91' lang='lat' dir='ltr'>causa</span> <span class='ocrx_word' id='word_1_23' title='bbox 420 707 538 765; x_wconf 90' lang='lat' dir='ltr'>turbata</span> <span class='ocrx_word' id='word_1_24' title='bbox 546 716 634 783; x_wconf 89' lang='lat' dir='ltr'>atque</span> <span class='ocrx_word' id='word_1_25' title='bbox 648 703 822 784; x_wconf 88' lang='lat' dir='ltr'>interpolata</span> <span class='ocrx_word' id='word_1_26' title='bbox 832 721 906 773; x_wconf 89' lang='lat' dir='ltr'>esse,</span> <span class='ocrx_word' id='word_1_27' title='bbox 919 701 981 778; x_wconf 87' lang='lat' dir='ltr'>jam</span> <span class='ocrx_word' id='word_1_28' title='bbox 992 696 1040 756; x_wconf 92' lang='lat' dir='ltr'>alii</span> <span class='ocrx_word' id='word_1_29' title='bbox 1050 702 1239 754; x_wconf 88' lang='lat' dir='ltr'>monuerunt.</span> 
     </span>
    </p>

    <p class='ocr_par' dir='ltr' id='par_1_3' title="bbox 224 783 1284 1153">
     <span class='ocr_line' id='line_1_5' title="bbox 265 783 1284 876; baseline -0.017 -20"><span class='ocrx_word' id='word_1_30' title='bbox 265 797 347 856; x_wconf 85' lang='lat' dir='ltr'>Alius</span> <span class='ocrx_word' id='word_1_31' title='bbox 360 797 474 869; x_wconf 89' lang='lat' dir='ltr'>locus,</span> <span class='ocrx_word' id='word_1_32' title='bbox 466 817 496 856; x_wconf 83' lang='grc' dir='ltr'>ιιι</span> <span class='ocrx_word' id='word_1_33' title='bbox 510 817 569 876; x_wconf 92' lang='lat' dir='ltr'>quo</span> <span class='ocrx_word' id='word_1_34' title='bbox 579 794 833 876; x_wconf 82' lang='lat' dir='ltr'><strong>interpolationem</strong></span> <span class='ocrx_word' id='word_1_35' title='bbox 843 786 1073 872; x_wconf 82' lang='lat' dir='ltr'>deprehendisse</span> <span class='ocrx_word' id='word_1_36' title='bbox 1084 784 1152 845; x_wconf 90' lang='lat' dir='ltr'>mihi</span> <span class='ocrx_word' id='word_1_37' title='bbox 1164 783 1284 854; x_wconf 87' lang='lat' dir='ltr'>videor,</span> 
     </span>
     <span class='ocr_line' id='line_1_6' title="bbox 225 876 1284 970; baseline -0.015 -21"><span class='ocrx_word' id='word_1_38' title='bbox 225 888 329 968; x_wconf 76' lang='lat' dir='ltr'>elegiae</span> <span class='ocrx_word' id='word_1_39' title='bbox 343 900 398 961; x_wconf 88' lang='lat' dir='ltr'>est,</span> <span class='ocrx_word' id='word_1_40' title='bbox 409 906 497 970; x_wconf 87' lang='lat' dir='ltr'>quam</span> <span class='ocrx_word' id='word_1_41' title='bbox 512 889 667 950; x_wconf 87' lang='lat' dir='ltr'>Santenius</span> <span class='ocrx_word' id='word_1_42' title='bbox 680 886 918 969; x_wconf 79' lang='lat' dir='ltr'>praestantissimo</span> <span class='ocrx_word' id='word_1_43' title='bbox 931 879 1140 943; x_wconf 87' lang='lat' dir='ltr'>commentario</span> <span class='ocrx_word' id='word_1_44' title='bbox 1153 876 1284 936; x_wconf 87' lang='lat' dir='ltr'>illustra-</span> 
     </span>
     <span class='ocr_line' id='line_1_7' title="bbox 224 965 1283 1055; baseline -0.012 -16"><span class='ocrx_word' id='word_1_45' title='bbox 224 980 274 1039; x_wconf 89' lang='lat' dir='ltr'>vit.</span> <span class='ocrx_word' id='word_1_46' title='bbox 315 980 425 1040; x_wconf 78' lang='lat' dir='ltr'>Versus</span> <span class='ocrx_word' id='word_1_47' title='bbox 439 985 514 1042; x_wconf 76' lang='lat'>1³5--</span> <span class='ocrx_word' id='word_1_48' title='bbox 519 983 608 1041; x_wconf 75' lang='lat'>-142</span> <span class='ocrx_word' id='word_1_49' title='bbox 622 980 698 1041; x_wconf 89' lang='lat' dir='ltr'>male</span> <span class='ocrx_word' id='word_1_50' title='bbox 709 979 854 1040; x_wconf 85' lang='lat' dir='ltr'>vexabant</span> <span class='ocrx_word' id='word_1_51' title='bbox 866 976 1050 1055; x_wconf 78' lang='lat' dir='ltr'>interpretes</span> <span class='ocrx_word' id='word_1_52' title='bbox 1063 991 1120 1033; x_wconf 89' lang='lat' dir='ltr'>nec</span> <span class='ocrx_word' id='word_1_53' title='bbox 1136 965 1283 1030; x_wconf 80' lang='lat' dir='ltr'>Santonio</span> 
     </span>
     <span class='ocr_line' id='line_1_8' title="bbox 224 1071 553 1153; baseline 0.003 -24"><span class='ocrx_word' id='word_1_54' title='bbox 224 1071 397 1132; x_wconf 80' lang='lat' dir='ltr'>videbantur</span> <span class='ocrx_word' id='word_1_55' title='bbox 406 1071 553 1153; x_wconf 76' lang='lat' dir='ltr'>expediti</span> 
     </span>
    </p>
   </div>
   <div class='ocr_carea' id='block_1_3' title="bbox 423 1250 1084 1850">
    <p class='ocr_par' dir='ltr' id='par_1_4' title="bbox 454 1250 1044 1379">
     <span class='ocr_line' id='line_1_9' title="bbox 454 1250 1044 1312; baseline -0.008 -11"><span class='ocrx_word' id='word_1_56' title='bbox 454 1252 513 1312; x_wconf 71' lang='lat' dir='ltr'>Qum</span> <span class='ocrx_word' id='word_1_57' title='bbox 524 1261 600 1301; x_wconf 82' lang='lat' dir='ltr'>tamen</span> <span class='ocrx_word' id='word_1_58' title='bbox 611 1251 655 1300; x_wconf 84' lang='lat' dir='ltr'>alai</span> <span class='ocrx_word' id='word_1_59' title='bbox 667 1266 767 1302; x_wconf 79' lang='lat' dir='ltr'>aaaron</span> <span class='ocrx_word' id='word_1_60' title='bbox 779 1259 815 1301; x_wconf 81' lang='lat' dir='ltr'>ast</span> <span class='ocrx_word' id='word_1_61' title='bbox 825 1259 933 1301; x_wconf 74' lang='lat' dir='ltr'>mateola</span> <span class='ocrx_word' id='word_1_62' title='bbox 941 1250 1044 1305; x_wconf 79' lang='lat' dir='ltr'>catallo,</span> 
     </span>
     <span class='ocr_line' id='line_1_10' title="bbox 487 1328 968 1379; baseline -0.01 -1"><span class='ocrx_word' id='word_1_63' title='bbox 487 1331 552 1378; x_wconf 79' lang='lat' dir='ltr'>Rara</span> <span class='ocrx_word' id='word_1_64' title='bbox 563 1331 699 1379; x_wconf 78' lang='lat' dir='ltr'>verecundae</span> <span class='ocrx_word' id='word_1_65' title='bbox 710 1331 771 1378; x_wconf 78' lang='lat' dir='ltr'>furta</span> <span class='ocrx_word' id='word_1_66' title='bbox 780 1331 881 1378; x_wconf 82' lang='lat' dir='ltr'>feramus</span> <span class='ocrx_word' id='word_1_67' title='bbox 891 1328 953 1376; x_wconf 78' lang='lat' dir='ltr'>heras</span> <span class='ocrx_word' id='word_1_68' title='bbox 963 1344 968 1373; x_wconf 94' lang='lat'><strong>:</strong></span> 
     </span>
    </p>

    <p class='ocr_par' dir='ltr' id='par_1_5' title="bbox 452 1404 1020 1455">
     <span class='ocr_line' id='line_1_11' title="bbox 452 1404 1020 1455; baseline -0.009 -1"><span class='ocrx_word' id='word_1_69' title='bbox 452 1405 490 1455; x_wconf 79' lang='lat' dir='ltr'>Na</span> <span class='ocrx_word' id='word_1_70' title='bbox 502 1407 596 1454; x_wconf 88' lang='lat' dir='ltr'>nimium</span> <span class='ocrx_word' id='word_1_71' title='bbox 614 1408 687 1455; x_wconf 84' lang='lat' dir='ltr'>simas</span> <span class='ocrx_word' id='word_1_72' title='bbox 705 1407 829 1455; x_wconf 82' lang='lat' dir='ltr'>stultorum</span> <span class='ocrx_word' id='word_1_73' title='bbox 843 1420 908 1453; x_wconf 83' lang='lat' dir='ltr'>soora</span> <span class='ocrx_word' id='word_1_74' title='bbox 919 1404 1020 1451; x_wconf 74' lang='lat' dir='ltr'>molesti,</span> 
     </span>
    </p>

    <p class='ocr_par' dir='ltr' id='par_1_6' title="bbox 423 1480 987 1545">
     <span class='ocr_line' id='line_1_12' title="bbox 423 1480 987 1545; baseline -0.002 -16"><span class='ocrx_word' id='word_1_75' title='bbox 423 1522 427 1529; x_wconf 92' lang='lat'>.</span> <span class='ocrx_word' id='word_1_76' title='bbox 486 1484 554 1545; x_wconf 71' lang='lat' dir='ltr'>Sapo</span> <span class='ocrx_word' id='word_1_77' title='bbox 566 1483 635 1531; x_wconf 84' lang='lat' dir='ltr'>stiam</span> <span class='ocrx_word' id='word_1_78' title='bbox 646 1486 716 1540; x_wconf 84' lang='lat' dir='ltr'>Juoo,</span> <span class='ocrx_word' id='word_1_79' title='bbox 727 1484 829 1531; x_wconf 78' lang='lat' dir='ltr'>maxims</span> <span class='ocrx_word' id='word_1_80' title='bbox 838 1480 987 1535; x_wconf 71' lang='lat' dir='ltr'>coelioolbm</span> 
     </span>
    </p>

    <p class='ocr_par' dir='ltr' id='par_1_7' title="bbox 453 1557 984 1696">
     <span class='ocr_line' id='line_1_13' title="bbox 453 1557 947 1622; baseline -0.002 -17"><span class='ocrx_word' id='word_1_81' title='bbox 453 1557 565 1621; x_wconf 69' lang='lat' dir='ltr'>Coniugia</span> <span class='ocrx_word' id='word_1_82' title='bbox 572 1560 597 1606; x_wconf 88' lang='lat' dir='ltr'>in</span> <span class='ocrx_word' id='word_1_83' title='bbox 608 1560 678 1621; x_wconf 84' lang='lat' dir='ltr'>culpa</span> <span class='ocrx_word' id='word_1_84' title='bbox 688 1560 794 1622; x_wconf 79' lang='lat' dir='ltr'>flagravit</span> <span class='ocrx_word' id='word_1_85' title='bbox 805 1557 947 1620; x_wconf 81' lang='lat' dir='ltr'>quotidiana,</span> 
     </span>
     <span class='ocr_line' id='line_1_14' title="bbox 484 1634 984 1696; baseline -0.004 -14"><span class='ocrx_word' id='word_1_86' title='bbox 484 1635 594 1682; x_wconf 82' lang='lat' dir='ltr'>Noscant</span> <span class='ocrx_word' id='word_1_87' title='bbox 605 1636 715 1684; x_wconf 81' lang='lat' dir='ltr'>omnivoli</span> <span class='ocrx_word' id='word_1_88' title='bbox 727 1636 828 1696; x_wconf 79' lang='lat' dir='ltr'>plurima</span> <span class='ocrx_word' id='word_1_89' title='bbox 835 1636 897 1683; x_wconf 77' lang='lat' dir='ltr'>furta</span> <span class='ocrx_word' id='word_1_90' title='bbox 907 1634 984 1682; x_wconf 75' lang='lat' dir='ltr'>lovis.</span> 
     </span>
    </p>

    <p class='ocr_par' dir='ltr' id='par_1_8' title="bbox 451 1708 1084 1850">
     <span class='ocr_line' id='line_1_15' title="bbox 451 1708 1084 1773; baseline -0.003 -16"><span class='ocrx_word' id='word_1_91' title='bbox 451 1708 524 1771; x_wconf 78' lang='lat' dir='ltr'>Atqui</span> <span class='ocrx_word' id='word_1_92' title='bbox 536 1726 579 1757; x_wconf 86' lang='lat' dir='ltr'>nec</span> <span class='ocrx_word' id='word_1_93' title='bbox 590 1711 661 1759; x_wconf 84' lang='lat' dir='ltr'>Diris</span> <span class='ocrx_word' id='word_1_94' title='bbox 670 1711 775 1759; x_wconf 77' lang='lat' dir='ltr'>homines</span> <span class='ocrx_word' id='word_1_95' title='bbox 785 1710 921 1773; x_wconf 72' lang='lat' dir='ltr'>componier</span> <span class='ocrx_word' id='word_1_96' title='bbox 931 1724 1022 1771; x_wconf 82' lang='lat' dir='ltr'>requam</span> <span class='ocrx_word' id='word_1_97' title='bbox 1033 1715 1084 1756; x_wconf 83' lang='lat' dir='ltr'>est:</span> 
     </span>
     <span class='ocr_line' id='line_1_16' title="bbox 486 1787 972 1850; baseline -0.002 -17"><span class='ocrx_word' id='word_1_98' title='bbox 486 1787 606 1849; x_wconf 75' lang='lat' dir='ltr'>Ingratum</span> <span class='ocrx_word' id='word_1_99' title='bbox 617 1787 710 1835; x_wconf 81' lang='lat' dir='ltr'>tremuli</span> <span class='ocrx_word' id='word_1_100' title='bbox 722 1788 779 1836; x_wconf 81' lang='lat' dir='ltr'>tolla</span> <span class='ocrx_word' id='word_1_101' title='bbox 789 1787 893 1850; x_wconf 81' lang='lat' dir='ltr'>parentis</span> <span class='ocrx_word' id='word_1_102' title='bbox 904 1801 972 1834; x_wconf 84' lang='lat' dir='ltr'>onus.</span> 
     </span>
    </p>
   </div>
   <div class='ocr_carea' id='block_1_4' title="bbox 113 1959 1285 4269">
    <p class='ocr_par' dir='ltr' id='par_1_9' title="bbox 226 1959 1285 2415">
     <span class='ocr_line' id='line_1_17' title="bbox 229 1959 1282 2046; baseline -0.002 -24"><span class='ocrx_word' id='word_1_103' title='bbox 229 1964 357 2044; x_wconf 82' lang='lat' dir='ltr'>Quoquo</span> <span class='ocrx_word' id='word_1_104' title='bbox 376 1982 424 2024; x_wconf 91' lang='lat' dir='ltr'>me</span> <span class='ocrx_word' id='word_1_105' title='bbox 444 1964 527 2038; x_wconf 89' lang='lat' dir='ltr'>verti,</span> <span class='ocrx_word' id='word_1_106' title='bbox 540 1965 650 2025; x_wconf 90' lang='lat' dir='ltr'>nullum</span> <span class='ocrx_word' id='word_1_107' title='bbox 663 1966 701 2027; x_wconf 95' lang='lat' dir='ltr'>ab</span> <span class='ocrx_word' id='word_1_108' title='bbox 715 1965 778 2026; x_wconf 89' lang='lat' dir='ltr'>aliis</span> <span class='ocrx_word' id='word_1_109' title='bbox 795 1965 939 2046; x_wconf 91' lang='lat' dir='ltr'>prolatum</span> <span class='ocrx_word' id='word_1_110' title='bbox 953 1970 1156 2044; x_wconf 78' lang='lat' dir='ltr'>argumentum</span> <span class='ocrx_word' id='word_1_111' title='bbox 1170 1959 1282 2034; x_wconf 88' lang='lat' dir='ltr'>inveni,</span> 
     </span>
     <span class='ocr_line' id='line_1_18' title="bbox 228 2052 1285 2135; baseline -0.001 -21"><span class='ocrx_word' id='word_1_112' title='bbox 228 2055 309 2135; x_wconf 89' lang='lat' dir='ltr'>quod</span> <span class='ocrx_word' id='word_1_113' title='bbox 328 2076 424 2116; x_wconf 88' lang='lat' dir='ltr'>meam</span> <span class='ocrx_word' id='word_1_114' title='bbox 442 2057 616 2118; x_wconf 87' lang='lat' dir='ltr'>sententiam</span> <span class='ocrx_word' id='word_1_115' title='bbox 630 2058 668 2118; x_wconf 86' lang='lat' dir='ltr'>de</span> <span class='ocrx_word' id='word_1_116' title='bbox 680 2057 738 2117; x_wconf 89' lang='lat' dir='ltr'>hoc</span> <span class='ocrx_word' id='word_1_117' title='bbox 754 2058 823 2118; x_wconf 90' lang='lat' dir='ltr'>loco</span> <span class='ocrx_word' id='word_1_118' title='bbox 837 2067 999 2126; x_wconf 75' lang='lat' dir='ltr'>everteret,</span> <span class='ocrx_word' id='word_1_119' title='bbox 1022 2073 1147 2134; x_wconf 90' lang='lat' dir='ltr'>namque</span> <span class='ocrx_word' id='word_1_120' title='bbox 1161 2052 1285 2112; x_wconf 79' lang='lat' dir='ltr'>incertia</span> 
     </span>
     <span class='ocr_line' id='line_1_19' title="bbox 228 2144 1284 2254; baseline -0.005 -48"><span class='ocrx_word' id='word_1_121' title='bbox 228 2147 358 2226; x_wconf 86' lang='lat' dir='ltr'>vestigiis</span> <span class='ocrx_word' id='word_1_122' title='bbox 369 2168 470 2208; x_wconf 90' lang='lat' dir='ltr'>eorum</span> <span class='ocrx_word' id='word_1_123' title='bbox 471 2149 551 2254; x_wconf 79' lang='lat' dir='ltr'>,qui,</span> <span class='ocrx_word' id='word_1_124' title='bbox 562 2170 630 2229; x_wconf 80' lang='lat' dir='ltr'>quae</span> <span class='ocrx_word' id='word_1_125' title='bbox 643 2149 789 2230; x_wconf 84' lang='lat' dir='ltr'>explicare</span> <span class='ocrx_word' id='word_1_126' title='bbox 798 2169 857 2209; x_wconf 90' lang='lat' dir='ltr'>non</span> <span class='ocrx_word' id='word_1_127' title='bbox 867 2158 997 2232; x_wconf 83' lang='lat' dir='ltr'>possunt,</span> <span class='ocrx_word' id='word_1_128' title='bbox 1011 2144 1197 2226; x_wconf 75' lang='lat' dir='ltr'>negligentiae</span> <span class='ocrx_word' id='word_1_129' title='bbox 1210 2145 1284 2223; x_wconf 74' lang='lat' dir='ltr'>poli-</span> 
     </span>
     <span class='ocr_line' id='line_1_20' title="bbox 228 2234 1285 2320; baseline -0.006 -21"><span class='ocrx_word' id='word_1_130' title='bbox 228 2248 325 2299; x_wconf 86' lang='lat' dir='ltr'>tarum</span> <span class='ocrx_word' id='word_1_131' title='bbox 334 2240 498 2320; x_wconf 90' lang='lat' dir='ltr'>injungunt,</span> <span class='ocrx_word' id='word_1_132' title='bbox 509 2242 625 2301; x_wconf 89' lang='lat' dir='ltr'>minime</span> <span class='ocrx_word' id='word_1_133' title='bbox 633 2242 824 2302; x_wconf 89' lang='lat' dir='ltr'>insistendum</span> <span class='ocrx_word' id='word_1_134' title='bbox 834 2241 912 2301; x_wconf 87' lang='lat' dir='ltr'>duxi.</span> <span class='ocrx_word' id='word_1_135' title='bbox 936 2243 1011 2308; x_wconf 80' lang='lat' dir='ltr'>Quae</span> <span class='ocrx_word' id='word_1_136' title='bbox 1022 2249 1120 2299; x_wconf 87' lang='lat' dir='ltr'>autem</span> <span class='ocrx_word' id='word_1_137' title='bbox 1131 2256 1178 2296; x_wconf 89' lang='lat' dir='ltr'>me</span> <span class='ocrx_word' id='word_1_138' title='bbox 1192 2234 1285 2317; x_wconf 84' lang='lat' dir='ltr'>offen·</span> 
     </span>
     <span class='ocr_line' id='line_1_21' title="bbox 226 2331 924 2415; baseline 0 -23"><span class='ocrx_word' id='word_1_139' title='bbox 226 2331 310 2405; x_wconf 88' lang='lat' dir='ltr'>dunt,</span> <span class='ocrx_word' id='word_1_140' title='bbox 324 2335 476 2405; x_wconf 78' lang='lat' dir='ltr'>enarrabo,</span> <span class='ocrx_word' id='word_1_141' title='bbox 492 2344 523 2394; x_wconf 91' lang='lat' dir='ltr'>et</span> <span class='ocrx_word' id='word_1_142' title='bbox 535 2334 652 2413; x_wconf 88' lang='lat' dir='ltr'>quidem</span> <span class='ocrx_word' id='word_1_143' title='bbox 662 2335 756 2415; x_wconf 89' lang='lat' dir='ltr'>primo</span> <span class='ocrx_word' id='word_1_144' title='bbox 769 2335 807 2394; x_wconf 91' lang='lat' dir='ltr'>de</span> <span class='ocrx_word' id='word_1_145' title='bbox 817 2333 924 2394; x_wconf 86' lang='lat' dir='ltr'>verbis.</span> 
     </span>
    </p>

    <p class='ocr_par' dir='ltr' id='par_1_10' title="bbox 228 2396 1285 2881">
     <span class='ocr_line' id='line_1_22' title="bbox 268 2396 1285 2508; baseline -0.003 -24"><span class='ocrx_word' id='word_1_146' title='bbox 268 2425 315 2486; x_wconf 85' lang='lat' dir='ltr'>Ea</span> <span class='ocrx_word' id='word_1_147' title='bbox 328 2427 395 2486; x_wconf 88' lang='lat' dir='ltr'>haec</span> <span class='ocrx_word' id='word_1_148' title='bbox 409 2438 455 2487; x_wconf 91' lang='lat' dir='ltr'>est</span> <span class='ocrx_word' id='word_1_149' title='bbox 470 2427 578 2488; x_wconf 90' lang='lat' dir='ltr'>Catulli</span> <span class='ocrx_word' id='word_1_150' title='bbox 592 2428 696 2508; x_wconf 86' lang='lat' dir='ltr'>elegia,</span> <span class='ocrx_word' id='word_1_151' title='bbox 716 2428 754 2488; x_wconf 92' lang='lat' dir='ltr'>de</span> <span class='ocrx_word' id='word_1_152' title='bbox 775 2448 833 2508; x_wconf 91' lang='lat' dir='ltr'>qua</span> <span class='ocrx_word' id='word_1_153' title='bbox 847 2427 986 2487; x_wconf 89' lang='lat' dir='ltr'>Muretus</span> <span class='ocrx_word' id='word_1_154' title='bbox 1006 2444 1065 2484; x_wconf 90' lang='lat' dir='ltr'>non</span> <span class='ocrx_word' id='word_1_155' title='bbox 1083 2421 1227 2482; x_wconf 89' lang='lat' dir='ltr'>immerito</span> <span class='ocrx_word' id='word_1_156' title='bbox 1240 2396 1285 2481; x_wconf 82' lang='lat' dir='ltr'>ita</span> 
     </span>
     <span class='ocr_line' id='line_1_23' title="bbox 228 2514 1282 2623; baseline -0.004 -44"><span class='ocrx_word' id='word_1_157' title='bbox 228 2517 397 2598; x_wconf 83' lang='lat' dir='ltr'>scripserit:</span> <span class='ocrx_word' id='word_1_158' title='bbox 421 2518 656 2608; x_wconf 83' lang='lat' dir='ltr'>“Pulcherrima</span> <span class='ocrx_word' id='word_1_159' title='bbox 677 2521 794 2581; x_wconf 90' lang='lat' dir='ltr'>omnino</span> <span class='ocrx_word' id='word_1_160' title='bbox 813 2522 881 2582; x_wconf 74' lang='lat' dir='ltr'>hac</span> <span class='ocrx_word' id='word_1_161' title='bbox 900 2520 996 2598; x_wconf 87' lang='lat' dir='ltr'>elegia</span> <span class='ocrx_word' id='word_1_162' title='bbox 1011 2530 1100 2623; x_wconf 81' lang='lat' dir='ltr'>atque</span> <span class='ocrx_word' id='word_1_163' title='bbox 1114 2515 1194 2577; x_wconf 90' lang='lat' dir='ltr'>haud</span> <span class='ocrx_word' id='word_1_164' title='bbox 1206 2514 1282 2587; x_wconf 90' lang='lat' dir='ltr'>acio,</span> 
     </span>
     <span class='ocr_line' id='line_1_24' title="bbox 228 2611 1284 2694; baseline -0.004 -23"><span class='ocrx_word' id='word_1_165' title='bbox 228 2628 267 2671; x_wconf 89' lang='lat' dir='ltr'>an</span> <span class='ocrx_word' id='word_1_166' title='bbox 285 2611 345 2671; x_wconf 91' lang='lat' dir='ltr'>ulla</span> <span class='ocrx_word' id='word_1_167' title='bbox 357 2611 533 2691; x_wconf 90' lang='lat' dir='ltr'>pulchrior</span> <span class='ocrx_word' id='word_1_168' title='bbox 524 2633 555 2671; x_wconf 86' lang='lat' dir='ltr'>ru</span> <span class='ocrx_word' id='word_1_169' title='bbox 569 2613 648 2673; x_wconf 90' lang='lat' dir='ltr'>omni</span> <span class='ocrx_word' id='word_1_170' title='bbox 668 2612 776 2674; x_wconf 90' lang='lat' dir='ltr'>Latina</span> <span class='ocrx_word' id='word_1_171' title='bbox 787 2614 888 2694; x_wconf 89' lang='lat' dir='ltr'>lingua</span> <span class='ocrx_word' id='word_1_172' title='bbox 906 2611 1025 2692; x_wconf 89' lang='lat' dir='ltr'>reperiri</span> <span class='ocrx_word' id='word_1_173' title='bbox 1038 2621 1144 2692; x_wconf 87' lang='lat' dir='ltr'>queat;</span> <span class='ocrx_word' id='word_1_174' title='bbox 1167 2617 1284 2668; x_wconf 89' lang='lat' dir='ltr'>namet</span> 
     </span>
     <span class='ocr_line' id='line_1_25' title="bbox 229 2702 1284 2788; baseline -0.001 -24"><span class='ocrx_word' id='word_1_175' title='bbox 229 2704 316 2765; x_wconf 88' lang='lat' dir='ltr'>dictio</span> <span class='ocrx_word' id='word_1_176' title='bbox 329 2706 480 2785; x_wconf 87' lang='lat' dir='ltr'>purissima</span> <span class='ocrx_word' id='word_1_177' title='bbox 492 2718 538 2768; x_wconf 89' lang='lat' dir='ltr'>est</span> <span class='ocrx_word' id='word_1_178' title='bbox 548 2716 579 2767; x_wconf 89' lang='lat' dir='ltr'>et</span> <span class='ocrx_word' id='word_1_179' title='bbox 592 2707 665 2766; x_wconf 91' lang='lat' dir='ltr'>mira</span> <span class='ocrx_word' id='word_1_180' title='bbox 677 2708 804 2788; x_wconf 88' lang='lat' dir='ltr'>quadam</span> <span class='ocrx_word' id='word_1_181' title='bbox 816 2708 973 2768; x_wconf 82' lang='lat' dir='ltr'>affectuum</span> <span class='ocrx_word' id='word_1_182' title='bbox 986 2707 1127 2767; x_wconf 88' lang='lat' dir='ltr'>varietate</span> <span class='ocrx_word' id='word_1_183' title='bbox 1140 2702 1284 2784; x_wconf 85' lang='lat' dir='ltr'>permista</span> 
     </span>
     <span class='ocr_line' id='line_1_26' title="bbox 228 2795 1285 2881; baseline -0.003 -24"><span class='ocrx_word' id='word_1_184' title='bbox 228 2798 406 2870; x_wconf 67' lang='lat' dir='ltr'>oratio—ut</span> <span class='ocrx_word' id='word_1_185' title='bbox 419 2820 459 2860; x_wconf 85' lang='lat' dir='ltr'>ex</span> <span class='ocrx_word' id='word_1_186' title='bbox 476 2801 535 2860; x_wconf 89' lang='lat' dir='ltr'>hoc</span> <span class='ocrx_word' id='word_1_187' title='bbox 552 2819 610 2858; x_wconf 91' lang='lat' dir='ltr'>uno</span> <span class='ocrx_word' id='word_1_188' title='bbox 623 2801 760 2879; x_wconf 69' lang='lat' dir='ltr'>podmate</span> <span class='ocrx_word' id='word_1_189' title='bbox 777 2800 945 2881; x_wconf 81' lang='lat' dir='ltr'>perspicere</span> <span class='ocrx_word' id='word_1_190' title='bbox 958 2799 1056 2870; x_wconf 91' lang='lat' dir='ltr'>liceat,</span> <span class='ocrx_word' id='word_1_191' title='bbox 1070 2808 1209 2878; x_wconf 89' lang='lat' dir='ltr'>qnantum</span> <span class='ocrx_word' id='word_1_192' title='bbox 1226 2795 1285 2855; x_wconf 87' lang='lat' dir='ltr'>Ca·</span> 
     </span>
    </p>

    <p class='ocr_par' dir='ltr' id='par_1_11' title="bbox 133 2888 1284 3248">
     <span class='ocr_line' id='line_1_27' title="bbox 133 2888 1283 2974; baseline -0.003 -24"><span class='ocrx_word' id='word_1_193' title='bbox 133 2892 137 2903; x_wconf 89' lang='grc'><strong>“</strong></span> <span class='ocrx_word' id='word_1_194' title='bbox 228 2891 318 2952; x_wconf 88' lang='lat' dir='ltr'>tullus</span> <span class='ocrx_word' id='word_1_195' title='bbox 332 2892 436 2952; x_wconf 88' lang='lat' dir='ltr'>ceteris</span> <span class='ocrx_word' id='word_1_196' title='bbox 446 2892 477 2951; x_wconf 90' lang='lat' dir='ltr'>in</span> <span class='ocrx_word' id='word_1_197' title='bbox 490 2893 548 2953; x_wconf 89' lang='lat' dir='ltr'>hoe</span> <span class='ocrx_word' id='word_1_198' title='bbox 560 2912 670 2972; x_wconf 84' lang='lat' dir='ltr'>genere</span> <span class='ocrx_word' id='word_1_199' title='bbox 684 2893 817 2954; x_wconf 87' lang='lat' dir='ltr'>omnibns</span> <span class='ocrx_word' id='word_1_200' title='bbox 830 2903 966 2974; x_wconf 71' lang='lat' dir='ltr'>praestare</span> <span class='ocrx_word' id='word_1_201' title='bbox 980 2890 1117 2972; x_wconf 87' lang='lat' dir='ltr'>potuerit,</span> <span class='ocrx_word' id='word_1_202' title='bbox 1129 2889 1154 2949; x_wconf 89' lang='lat' dir='ltr'>si</span> <span class='ocrx_word' id='word_1_203' title='bbox 1167 2888 1226 2948; x_wconf 91' lang='lat' dir='ltr'>vim</span> <span class='ocrx_word' id='word_1_204' title='bbox 1237 2888 1283 2947; x_wconf 90' lang='lat' dir='ltr'>in·</span> 
     </span>
     <span class='ocr_line' id='line_1_28' title="bbox 228 2979 1284 3062; baseline -0.003 -22"><span class='ocrx_word' id='word_1_205' title='bbox 228 2982 307 3062; x_wconf 89' lang='lat' dir='ltr'>genii</span> <span class='ocrx_word' id='word_1_206' title='bbox 325 2983 369 3044; x_wconf 87' lang='lat' dir='ltr'>sui</span> <span class='ocrx_word' id='word_1_207' title='bbox 390 2984 428 3045; x_wconf 90' lang='lat' dir='ltr'>ad</span> <span class='ocrx_word' id='word_1_208' title='bbox 446 2984 520 3043; x_wconf 91' lang='lat' dir='ltr'>illud</span> <span class='ocrx_word' id='word_1_209' title='bbox 536 2984 731 3044; x_wconf 88' lang='lat' dir='ltr'>excolendum</span> <span class='ocrx_word' id='word_1_210' title='bbox 753 2984 950 3044; x_wconf 85' lang='lat' dir='ltr'>contulisset&#39;&#39;</span> <span class='ocrx_word' id='word_1_211' title='bbox 991 2985 1058 3048; x_wconf 86' lang='lat' dir='ltr'>Quo</span> <span class='ocrx_word' id='word_1_212' title='bbox 1077 2980 1169 3059; x_wconf 82' lang='lat' dir='ltr'>magis</span> <span class='ocrx_word' id='word_1_213' title='bbox 1192 2979 1284 3058; x_wconf 87' lang='lat' dir='ltr'>igitur</span> 
     </span>
     <span class='ocr_line' id='line_1_29' title="bbox 228 3072 1283 3156; baseline -0.004 -22"><span class='ocrx_word' id='word_1_214' title='bbox 228 3073 291 3134; x_wconf 89' lang='lat' dir='ltr'>aliis</span> <span class='ocrx_word' id='word_1_215' title='bbox 305 3077 438 3136; x_wconf 87' lang='lat' dir='ltr'>omnibus</span> <span class='ocrx_word' id='word_1_216' title='bbox 452 3075 628 3136; x_wconf 87' lang='lat' dir='ltr'>carminibus</span> <span class='ocrx_word' id='word_1_217' title='bbox 641 3076 699 3136; x_wconf 92' lang='lat' dir='ltr'>hoc</span> <span class='ocrx_word' id='word_1_218' title='bbox 712 3087 841 3156; x_wconf 87' lang='lat' dir='ltr'>praestat,</span> <span class='ocrx_word' id='word_1_219' title='bbox 855 3096 893 3136; x_wconf 88' lang='lat' dir='ltr'>eo</span> <span class='ocrx_word' id='word_1_220' title='bbox 908 3075 1024 3155; x_wconf 87' lang='lat' dir='ltr'>gravius</span> <span class='ocrx_word' id='word_1_221' title='bbox 1037 3072 1178 3152; x_wconf 88' lang='lat' dir='ltr'>languida</span> <span class='ocrx_word' id='word_1_222' title='bbox 1191 3083 1283 3150; x_wconf 86' lang='lat' dir='ltr'>atque</span> 
     </span>
     <span class='ocr_line' id='line_1_30' title="bbox 227 3164 1284 3248; baseline -0.005 -22"><span class='ocrx_word' id='word_1_223' title='bbox 227 3184 282 3226; x_wconf 85' lang='lat' dir='ltr'>suo</span> <span class='ocrx_word' id='word_1_224' title='bbox 301 3165 370 3227; x_wconf 91' lang='lat' dir='ltr'>loco</span> <span class='ocrx_word' id='word_1_225' title='bbox 382 3167 481 3248; x_wconf 89' lang='lat' dir='ltr'>inepta</span> <span class='ocrx_word' id='word_1_226' title='bbox 500 3167 530 3226; x_wconf 93' lang='lat' dir='ltr'>in</span> <span class='ocrx_word' id='word_1_227' title='bbox 545 3187 582 3227; x_wconf 93' lang='lat' dir='ltr'>eo</span> <span class='ocrx_word' id='word_1_228' title='bbox 598 3182 714 3227; x_wconf 82' lang='lat' dir='ltr'>sensum</span> <span class='ocrx_word' id='word_1_229' title='bbox 729 3167 876 3228; x_wconf 88' lang='lat' dir='ltr'>offendere</span> <span class='ocrx_word' id='word_1_230' title='bbox 891 3167 1010 3227; x_wconf 91' lang='lat' dir='ltr'>debent.</span> <span class='ocrx_word' id='word_1_231' title='bbox 1052 3164 1196 3243; x_wconf 86' lang='lat' dir='ltr'>Equidem</span> <span class='ocrx_word' id='word_1_232' title='bbox 1210 3182 1284 3222; x_wconf 91' lang='lat' dir='ltr'>vero</span> 
     </span>
    </p>

    <p class='ocr_par' dir='ltr' id='par_1_12' title="bbox 113 3255 1285 4269">
     <span class='ocr_line' id='line_1_31' title="bbox 113 3255 1283 3340; baseline 0 -24"><span class='ocrx_word' id='word_1_233' title='bbox 113 3256 124 3281; x_wconf 84' lang='grc'>·’</span> <span class='ocrx_word' id='word_1_234' title='bbox 228 3255 433 3330; x_wconf 85' lang='lat' dir='ltr'>dubitaverim,</span> <span class='ocrx_word' id='word_1_235' title='bbox 456 3279 494 3319; x_wconf 88' lang='lat' dir='ltr'>an</span> <span class='ocrx_word' id='word_1_236' title='bbox 515 3259 546 3317; x_wconf 90' lang='lat' dir='ltr'>in</span> <span class='ocrx_word' id='word_1_237' title='bbox 568 3259 628 3319; x_wconf 90' lang='lat' dir='ltr'>ullo</span> <span class='ocrx_word' id='word_1_238' title='bbox 648 3259 756 3320; x_wconf 90' lang='lat' dir='ltr'>Latino</span> <span class='ocrx_word' id='word_1_239' title='bbox 773 3261 861 3340; x_wconf 68' lang='lat' dir='ltr'>poeta</span> <span class='ocrx_word' id='word_1_240' title='bbox 882 3259 1001 3321; x_wconf 89' lang='lat' dir='ltr'>defendi</span> <span class='ocrx_word' id='word_1_241' title='bbox 1021 3258 1115 3338; x_wconf 87' lang='lat' dir='ltr'>possit</span> <span class='ocrx_word' id='word_1_242' title='bbox 1140 3255 1283 3336; x_wconf 85' lang='lat' dir='ltr'>languida</span> 
     </span>
     <span class='ocr_line' id='line_1_32' title="bbox 228 3350 1284 3432; baseline -0.001 -23"><span class='ocrx_word' id='word_1_243' title='bbox 228 3350 331 3422; x_wconf 89' lang='lat' dir='ltr'>oratio,</span> <span class='ocrx_word' id='word_1_244' title='bbox 347 3351 440 3431; x_wconf 88' lang='lat' dir='ltr'>qualis</span> <span class='ocrx_word' id='word_1_245' title='bbox 460 3352 563 3412; x_wconf 92' lang='lat' dir='ltr'>horum</span> <span class='ocrx_word' id='word_1_246' title='bbox 578 3354 735 3412; x_wconf 89' lang='lat' dir='ltr'>verborum</span> <span class='ocrx_word' id='word_1_247' title='bbox 748 3353 978 3432; x_wconf 87' lang='lat' dir='ltr'>consequutione</span> <span class='ocrx_word' id='word_1_248' title='bbox 992 3352 1178 3411; x_wconf 82' lang='lat' dir='ltr'>continetur:</span> <span class='ocrx_word' id='word_1_249' title='bbox 1203 3351 1284 3426; x_wconf 73' lang='lat' dir='ltr'>Sapo</span> 
     </span>
     <span class='ocr_line' id='line_1_33' title="bbox 229 3444 1282 3528; baseline 0.004 -27"><span class='ocrx_word' id='word_1_250' title='bbox 229 3444 380 3503; x_wconf 81' lang='lat' dir='ltr'>etiam-in</span> <span class='ocrx_word' id='word_1_251' title='bbox 394 3447 617 3526; x_wconf 78' lang='lat' dir='ltr'>culpostogrooil</span> <span class='ocrx_word' id='word_1_252' title='bbox 631 3449 839 3525; x_wconf 82' lang='lat' dir='ltr'>quotidianu-,</span> <span class='ocrx_word' id='word_1_253' title='bbox 854 3459 885 3508; x_wconf 92' lang='lat' dir='ltr'>et</span> <span class='ocrx_word' id='word_1_254' title='bbox 895 3448 984 3528; x_wconf 84' lang='lat' dir='ltr'>furto</span> <span class='ocrx_word' id='word_1_255' title='bbox 996 3445 1282 3528; x_wconf 80' lang='lat' dir='ltr'>seramus-plurimo</span> 
     </span>
     <span class='ocr_line' id='line_1_34' title="bbox 218 3534 1283 3619; baseline 0.002 -26"><span class='ocrx_word' id='word_1_256' title='bbox 218 3534 307 3614; x_wconf 81' lang='lat' dir='ltr'>furto</span> <span class='ocrx_word' id='word_1_257' title='bbox 326 3536 552 3619; x_wconf 72' lang='lat' dir='ltr'>Ionis-surtioo</span> <span class='ocrx_word' id='word_1_258' title='bbox 571 3541 736 3599; x_wconf 82' lang='lat' dir='ltr'>munusculo.</span> <span class='ocrx_word' id='word_1_259' title='bbox 778 3539 915 3600; x_wconf 90' lang='lat' dir='ltr'>Pluribus</span> <span class='ocrx_word' id='word_1_260' title='bbox 932 3540 1008 3612; x_wconf 88' lang='lat' dir='ltr'>haec,</span> <span class='ocrx_word' id='word_1_261' title='bbox 1025 3560 1091 3619; x_wconf 85' lang='lat' dir='ltr'>quae</span> <span class='ocrx_word' id='word_1_262' title='bbox 1105 3540 1144 3599; x_wconf 91' lang='lat' dir='ltr'>ad</span> <span class='ocrx_word' id='word_1_263' title='bbox 1162 3556 1283 3598; x_wconf 89' lang='lat' dir='ltr'>sensum</span> 
     </span>
     <span class='ocr_line' id='line_1_35' title="bbox 228 3626 1282 3713; baseline 0.004 -26"><span class='ocrx_word' id='word_1_264' title='bbox 228 3626 384 3706; x_wconf 83' lang='lat' dir='ltr'>pertinent,</span> <span class='ocrx_word' id='word_1_265' title='bbox 397 3630 595 3690; x_wconf 87' lang='lat' dir='ltr'>demonstrare</span> <span class='ocrx_word' id='word_1_266' title='bbox 609 3631 680 3689; x_wconf 93' lang='lat' dir='ltr'>nibil</span> <span class='ocrx_word' id='word_1_267' title='bbox 691 3651 763 3712; x_wconf 89' lang='lat' dir='ltr'>opus</span> <span class='ocrx_word' id='word_1_268' title='bbox 774 3643 827 3692; x_wconf 84' lang='lat' dir='ltr'>est</span> <span class='ocrx_word' id='word_1_269' title='bbox 856 3634 906 3693; x_wconf 90' lang='lat' dir='ltr'>Ac</span> <span class='ocrx_word' id='word_1_270' title='bbox 919 3635 1008 3713; x_wconf 72' lang='lat' dir='ltr'>poeta</span> <span class='ocrx_word' id='word_1_271' title='bbox 1018 3633 1146 3693; x_wconf 88' lang='lat' dir='ltr'>debebat</span> <span class='ocrx_word' id='word_1_272' title='bbox 1154 3632 1282 3691; x_wconf 85' lang='lat' dir='ltr'>scribere</span> 
     </span>
     <span class='ocr_line' id='line_1_36' title="bbox 229 3724 1281 3802; baseline 0.006 -23"><span class='ocrx_word' id='word_1_273' title='bbox 229 3742 298 3799; x_wconf 80' lang='lat' dir='ltr'>aaepc</span> <span class='ocrx_word' id='word_1_274' title='bbox 311 3725 424 3801; x_wconf 81' lang='lat' dir='ltr'>quidem,</span> <span class='ocrx_word' id='word_1_275' title='bbox 439 3724 484 3783; x_wconf 89' lang='lat' dir='ltr'>vel</span> <span class='ocrx_word' id='word_1_276' title='bbox 498 3744 576 3802; x_wconf 80' lang='lat' dir='ltr'>rope,</span> <span class='ocrx_word' id='word_1_277' title='bbox 597 3724 704 3785; x_wconf 89' lang='lat' dir='ltr'>omisso</span> <span class='ocrx_word' id='word_1_278' title='bbox 717 3725 860 3786; x_wconf 91' lang='lat' dir='ltr'>vocabulo</span> <span class='ocrx_word' id='word_1_279' title='bbox 877 3729 968 3797; x_wconf 82' lang='lat' dir='ltr'>etium,</span> <span class='ocrx_word' id='word_1_280' title='bbox 988 3737 1022 3786; x_wconf 91' lang='lat' dir='ltr'>ut</span> <span class='ocrx_word' id='word_1_281' title='bbox 1035 3725 1281 3787; x_wconf 84' lang='lat' dir='ltr'>antecedentibus</span> 
     </span>
     <span class='ocr_line' id='line_1_37' title="bbox 228 3817 1281 3903; baseline 0.005 -29"><span class='ocrx_word' id='word_1_282' title='bbox 228 3818 426 3903; x_wconf 80' lang='lat' dir='ltr'>congruerent</span> <span class='ocrx_word' id='word_1_283' title='bbox 443 3817 541 3876; x_wconf 90' lang='lat' dir='ltr'>verba.</span> <span class='ocrx_word' id='word_1_284' title='bbox 583 3817 651 3876; x_wconf 89' lang='lat' dir='ltr'>Nec</span> <span class='ocrx_word' id='word_1_285' title='bbox 673 3817 766 3877; x_wconf 89' lang='lat' dir='ltr'>minus</span> <span class='ocrx_word' id='word_1_286' title='bbox 788 3821 906 3879; x_wconf 88' lang='lat' dir='ltr'>obstant</span> <span class='ocrx_word' id='word_1_287' title='bbox 924 3821 1027 3880; x_wconf 86' lang='lat' dir='ltr'>vocab.</span> <span class='ocrx_word' id='word_1_288' title='bbox 1048 3821 1124 3896; x_wconf 83' lang='lat' dir='ltr'>utqui</span> <span class='ocrx_word' id='word_1_289' title='bbox 1145 3840 1201 3889; x_wconf 83' lang='lat' dir='ltr'>uec,</span> <span class='ocrx_word' id='word_1_290' title='bbox 1224 3839 1281 3898; x_wconf 89' lang='lat' dir='ltr'>pro</span> 
     </span>
     <span class='ocr_line' id='line_1_38' title="bbox 229 3907 1280 3989; baseline 0.007 -24"><span class='ocrx_word' id='word_1_291' title='bbox 229 3907 345 3985; x_wconf 80' lang='lat' dir='ltr'>quibus,</span> <span class='ocrx_word' id='word_1_292' title='bbox 359 3919 392 3967; x_wconf 90' lang='lat' dir='ltr'>ut</span> <span class='ocrx_word' id='word_1_293' title='bbox 404 3908 527 3980; x_wconf 89' lang='lat' dir='ltr'>videtur,</span> <span class='ocrx_word' id='word_1_294' title='bbox 541 3908 589 3969; x_wconf 91' lang='lat' dir='ltr'>vel</span> <span class='ocrx_word' id='word_1_295' title='bbox 602 3909 769 3988; x_wconf 89' lang='lat' dir='ltr'>ponendum</span> <span class='ocrx_word' id='word_1_296' title='bbox 783 3919 846 3970; x_wconf 90' lang='lat' dir='ltr'>erat</span> <span class='ocrx_word' id='word_1_297' title='bbox 859 3913 935 3989; x_wconf 84' lang='lat' dir='ltr'>atqui</span> <span class='ocrx_word' id='word_1_298' title='bbox 948 3912 1000 3970; x_wconf 79' lang='lat' dir='ltr'>urin</span> <span class='ocrx_word' id='word_1_299' title='bbox 1013 3916 1056 3985; x_wconf 90' lang='lat' dir='ltr'>(ut</span> <span class='ocrx_word' id='word_1_300' title='bbox 1068 3911 1173 3970; x_wconf 87' lang='lat' dir='ltr'>Horat.</span> <span class='ocrx_word' id='word_1_301' title='bbox 1188 3929 1280 3972; x_wconf 88' lang='lat' dir='ltr'>carm.</span> 
     </span>
     <span class='ocr_line' id='line_1_39' title="bbox 228 3997 1283 4084; baseline 0.008 -28"><span class='ocrx_word' id='word_1_302' title='bbox 228 3997 255 4056; x_wconf 92' lang='lat'>1.</span> <span class='ocrx_word' id='word_1_303' title='bbox 269 4001 319 4058; x_wconf 70' lang='lat'>28.</span> <span class='ocrx_word' id='word_1_304' title='bbox 332 4004 385 4075; x_wconf 88' lang='grc'>9.),</span> <span class='ocrx_word' id='word_1_305' title='bbox 395 4001 441 4060; x_wconf 91' lang='lat' dir='ltr'>vel</span> <span class='ocrx_word' id='word_1_306' title='bbox 456 4000 564 4081; x_wconf 89' lang='lat' dir='ltr'>aliquid</span> <span class='ocrx_word' id='word_1_307' title='bbox 574 4001 753 4073; x_wconf 90' lang='lat' dir='ltr'>addendum,</span> <span class='ocrx_word' id='word_1_308' title='bbox 765 4002 845 4083; x_wconf 89' lang='lat' dir='ltr'>quod</span> <span class='ocrx_word' id='word_1_309' title='bbox 855 4003 910 4064; x_wconf 88' lang='lat' dir='ltr'>illis</span> <span class='ocrx_word' id='word_1_310' title='bbox 918 4005 1120 4084; x_wconf 87' lang='lat' dir='ltr'>responderet</span> <span class='ocrx_word' id='word_1_311' title='bbox 1143 4003 1283 4082; x_wconf 86' lang='lat' dir='ltr'>Sequitur</span> 
     </span>
     <span class='ocr_line' id='line_1_40' title="bbox 229 4094 1281 4173; baseline 0.009 -24"><span class='ocrx_word' id='word_1_312' title='bbox 229 4102 327 4150; x_wconf 88' lang='lat' dir='ltr'>antem</span> <span class='ocrx_word' id='word_1_313' title='bbox 340 4112 449 4164; x_wconf 86' lang='lat' dir='ltr'>versus,</span> <span class='ocrx_word' id='word_1_314' title='bbox 467 4094 517 4171; x_wconf 90' lang='lat' dir='ltr'>qui</span> <span class='ocrx_word' id='word_1_315' title='bbox 537 4094 653 4173; x_wconf 90' lang='lat' dir='ltr'>copula,</span> <span class='ocrx_word' id='word_1_316' title='bbox 672 4095 711 4153; x_wconf 93' lang='lat' dir='ltr'>ob</span> <span class='ocrx_word' id='word_1_317' title='bbox 725 4095 933 4156; x_wconf 88' lang='lat' dir='ltr'>sententiarum</span> <span class='ocrx_word' id='word_1_318' title='bbox 947 4097 1144 4157; x_wconf 86' lang='lat' dir='ltr'>diversitatem</span> <span class='ocrx_word' id='word_1_319' title='bbox 1162 4096 1281 4158; x_wconf 86' lang='lat' dir='ltr'>minime</span> 
     </span>
     <span class='ocr_line' id='line_1_41' title="bbox 227 4183 1285 4269; baseline 0.008 -27"><span class='ocrx_word' id='word_1_320' title='bbox 227 4183 415 4266; x_wconf 79' lang='lat' dir='ltr'>negligenda,</span> <span class='ocrx_word' id='word_1_321' title='bbox 430 4205 490 4246; x_wconf 90' lang='lat' dir='ltr'>non</span> <span class='ocrx_word' id='word_1_322' title='bbox 508 4186 604 4266; x_wconf 91' lang='lat' dir='ltr'>potuit</span> <span class='ocrx_word' id='word_1_323' title='bbox 624 4205 736 4248; x_wconf 87' lang='lat' dir='ltr'>carere.</span> <span class='ocrx_word' id='word_1_324' title='bbox 777 4188 896 4250; x_wconf 88' lang='lat' dir='ltr'>Etenim</span> <span class='ocrx_word' id='word_1_325' title='bbox 917 4209 963 4263; x_wconf 88' lang='lat' dir='ltr'>ea,</span> <span class='ocrx_word' id='word_1_326' title='bbox 984 4208 1050 4269; x_wconf 89' lang='lat' dir='ltr'>quae</span> <span class='ocrx_word' id='word_1_327' title='bbox 1072 4189 1228 4250; x_wconf 88' lang='lat' dir='ltr'>Santeuius</span> <span class='ocrx_word' id='word_1_328' title='bbox 1242 4188 1285 4250; x_wconf 88' lang='lat' dir='ltr'>ad</span> 
     </span>
    </p>
   </div>
   <div class='ocr_carea' id='block_1_5' title="bbox 84 4558 233 4674">
    <p class='ocr_par' dir='ltr' id='par_1_13' title="bbox 84 4558 233 4674">
     <span class='ocr_line' id='line_1_42' title="bbox 84 4558 233 4674; baseline -0.013 1"><span class='ocrx_word' id='word_1_329' title='bbox 84 4558 233 4674; x_wconf 61' lang='grc' dir='ltr'>’Ἰ</span> 
     </span>
    </p>
   </div>
   <div class='ocr_carea' id='block_1_6' title="bbox 0 0 1441 4972">
    <p class='ocr_par' dir='ltr' id='par_1_14' title="bbox 0 0 1441 4972">
     <span class='ocr_line' id='line_1_43' title="bbox 0 0 1441 4972; baseline 0 0"><span class='ocrx_word' id='word_1_330' title='bbox 0 0 1441 4972; x_wconf 95' lang='lat' dir='ltr'> </span> 
     </span>
    </p>
   </div>
  </div>
 </body>
</html>
