2872 4972
198 337 264 403 192
448 338 488 403 C.
513 336 743 404 VALERII
772 331 1013 415 CATULLI
1076 356 1079 361 ·

242 518 351 587 Levia
364 518 582 587 substernens
595 523 733 589 robusto
748 522 886 590 brachia
899 523 1001 588 collo.
1093 603 1095 607 y

240 632 388 716 Currite,
403 632 563 700 ducentes
578 635 778 717 subtemina,
792 628 928 718 currite,
945 635 1021 701 fusi.

325 743 437 810 Nulla
452 744 568 810 domus
583 745 669 810 tales
685 766 830 832 uuquam
845 744 998 810 contexit
1011 766 1159 812 amores:
1187 746 1251 809 335

238 854 368 921 Nullus
382 876 477 921 amor
493 854 553 920 tali
568 855 746 944 conjunxit
760 856 885 921 foedere
905 864 1076 921 amantes:

237 965 357 1046 Qualis
372 965 468 1031 adest
480 965 630 1049 Thetidi,
648 965 758 1053 qualis
773 965 951 1031 concordia
968 965 1087 1031 Peleo.

237 1077 384 1160 Currite,
399 1077 558 1141 ducentes
574 1075 774 1159 subtemina,
790 1076 926 1159 currite,
942 1077 1019 1141 fusi.

322 1187 492 1252 Nascetur
506 1186 601 1253 vohis
615 1189 738 1273 expers
753 1186 891 1252 terroris
904 1187 1067 1270 Achilles,

236 1297 402 1363 Hostibus
415 1297 506 1362 haud
519 1305 635 1385 tergo,
644 1297 703 1362 sed
717 1298 797 1362 lorti
811 1305 950 1384 pectore
962 1302 1083 1364 notus:
1185 1299 1249 1363 340

235 1408 313 1488 Qui,
325 1429 477 1496 persaepe
492 1430 578 1495 vago
593 1409 702 1474 victor
716 1405 1049 1491 certamine'cursus,
1139 1437 1143 1444 ·

235 1517 408 1584 Flammea
421 1515 603 1606 praevertet
616 1519 736 1584 celeris
751 1509 894 1606 vestigia
910 1541 1029 1585 cervae.

235 1627 383 1713 Currite,
398 1629 558 1694 ducentes
571 1628 770 1713 subtemina,
786 1631 923 1714 currite,
936 1632 1011 1696 fusi.

241 1784 246 1791 -
320 1740 403 1805 Non
417 1739 470 1806 illi
485 1739 662 1827 quisquam
677 1739 768 1806 bello
783 1762 819 1806 se
835 1741 985 1807 conseret
999 1742 1109 1826 heros,

233 1852 324 1917 Cum‘
336 1849 478 1937 Phrygii
494 1849 631 1915 'l'eucro
646 1850 831 1915 manabunt
846 1852 1011 1938 sangnine
1030 1853 1115 1919 rivi:
1181 1853 1245 1916 345

234 1961 426 2050 Troicaque
448 1960 605 2026 obsidens
618 1959 807 2047 longinquo
822 1962 944 2026 moenia
959 1962 1051 2028 bello

233 2073 372 2160 Perjuri
387 2071 527 2159 Pelopis
545 2071 689 2136 vastabit
704 2072 824 2136 tertius
839 2073 947 2139 heres.

185 2270 188 2278 .
233 2185 381 2278 Currite,
397 2184 555 2262 ducentes
572 2164 769 2269 subtemina,
785 2184 922 2267 currite,
934 2184 1012 2250 fusi.

219 2361 283 2409 335.
294 2361 365 2407 Hunc
376 2375 475 2408 versum
486 2375 538 2407 cum
555 2359 663 2421 proxime
679 2356 838 2419 sequentibus,
849 2356 903 2405 crim
914 2357 949 2404 illi
959 2360 1069 2408 abessent
1077 2360 1101 2407 in
1112 2361 1243 2420 codicibus,
1271 2407 1273 2410 .

187 2426 266 2486 rejicit
276 2426 398 2487 Scaliger:
421 2426 516 2472 eosdem
527 2425 552 2470 in
563 2424 678 2471 nonnullis
694 2423 760 2470 libris
777 2423 879 2484 antiquis
895 2424 1004 2471 exsulare
1016 2432 1114 2473 testatur
1134 2428 1242 2485 Vossius,

187 2506 248 2551 quos
256 2496 405 2546 tamem-,cum
416 2490 600 2537 Mediolanensis
611 2489 683 2536 etalii
693 2491 760 2534 bonoe
767 2494 830 2534 notre
840 2485 895 2534 libri
904 2488 1037 2545 exhibeant,
1044 2491 1177 2538 retinendos
1188 2490 1242 2540 ill'os

186 2557 290 2616 quidem,
302 2555 353 2612 sed,
370 2571 398 2603 ne
415 2557 542 2602 serrandus
558 2555 698 2600 cantantium
710 2553 837 2599 Parcarum
848 2552 915 2606 ordo,
929 2569 960 2600 ax
977 2556 1044 2613 cnjus
1059 2556 1149 2602 ratione
1161 2572 1242 2604 versus

186 2620 330 2668 intercalaris
341 2619 434 2667 Orsrsite
443 2627 488 2668 oet.
498 2635 544 2667 non
554 2617 600 2666 nisi
611 2618 737 2666 duodecies
744 2633 866 2672 occurrere
874 2617 955 2674 debet,
965 2619 1080 2676 turbetur,
1091 2619 1157 2667 uncis
1168 2620 1242 2668 inclu-

184 2685 274 2734 dendos
285 2690 374 2732 censet.

218 2752 276 2799 345.
295 2750 352 2797 Corn
364 2748 462 2813 Phrygii
473 2746 557 2797 Teucro
568 2749 691 2795 manabunt
704 2750 813 2810 sanguine
829 2756 913 2794 tenea
930 2747 1021 2808 profert
1036 2749 1125 2796 Statius
1138 2765 1168 2796 ex
1180 2751 1241 2801 libro

186 2815 277 2870 Malloi,
287 2822 352 2861 tenen
363 2816 392 2862 ab
410 2815 491 2861 eodem
503 2813 599 2860 librario
610 2813 695 2860 deinde
704 2819 816 2858 mutatum
828 2812 852 2859 in
866 2811 956 2868 Teucri,
968 2814 1029 2873 qnod
1040 2815 1124 2874 probat
1135 2815 1242 2863 Vossius.

185 2894 237 2926 eum
254 2879 354 2942 Phrygii
364 2887 439 2926 tenero
452 2878 576 2925 manabunt
586 2877 695 2942 sanguiris
707 2876 789 2924 Teucri
799 2878 823 2923 in
835 2877 927 2924 duobus
938 2877 991 2925 aliis
1005 2879 1075 2925 MSS.
1090 2880 1167 2934 Statii,
1180 2881 1241 2927 unde

184 2944 225 2991 ille
237 2947 413 3005 exconjectura
429 2959 481 2990 cum
491 2942 590 3005 Phrygii
598 2951 672 2990 tenero
682 2942 804 2989 manabunt
812 2957 852 2988 sun
869 2943 1006 3002 ulneccmpt
1019 2943 1057 2990 vel
1067 2959 1118 2990 cum
1134 2943 1242 3007 Phrygia

187 3008 391 3057 Tacere-terre
411 3009 448 3055 vel
461 3008 519 3055 Cum
531 3007 632 3070 Phrygii
648 3007 831 3054 rummare.
843 2957 883 3053 siti
894 3006 976 3067 legunt
986 3009 1072 3063 taraci,
1083 3008 1118 3055 uti
1129 3017 1165 3055 est
1176 3009 1200 3056 in
1212 3011 1241 3056 1..

186 3075 239 3120 MS.
251 3081 275 3120 et
287 3074 351 3127 Edit.
362 3075 527 3122 R.-nostrnm
538 3072 663 3119 lectionem
675 3076 767 3118 tuentur
783 3071 851 3118 editt.
862 3073 945 3119 Venet.
956 3071 1047 3133 Gryph.
1060 3075 1146 3119 Mnret.
1161 3075 1241 3122 Graev.

184 3138 349 3199 Silr.Vulp.-
356 3137 431 3191 Qucum
438 3136 540 3199 Phrygio
551 3145 578 3182 te
583 3137 648 3197 pidi
658 3137 781 3183 manabunt
791 3137 950 3199 muguiuerr'ui
957 3137 1065 3182 emendat
1073 3138 1205 3186 Mitscherl.
1215 3139 1240 3186 in

184 3203 263 3262 Epist.
272 3203 296 3249 in
308 3202 447 3263 Apollodor.
459 3217 484 3263 p.
495 3201 647 3254 sa-Quun
658 3201 826 3264 rigati-campi
834 3201 928 3247 aeorici
936 3200 1033 3260 conjicit
1044 3202 1144 3248 henaius
1154 3203 1177 3249 in
1188 3211 1238 3252 not.

184 3268 214 3315 sd
223 3267 247 3314 h.
256 3282 281 3315 v.
672 3272 674 3277 ⁴

217 3385 275 3431 333.
292 3379 362 3429 Lenia
371 3379 477 3451 hrmhin:
490 3395 557 3441 quam
568 3378 686 3441 graphice,
736 3379 777 3441 pio
788 3380 813 3426 in
823 3379 958 3427 uuiversum
969 3380 998 3426 de
1012 3378 1106 3442 insigni,
1123 3384 1238 3444 quanlios

185 3455 290 3502 suaviter
300 3461 325 3501 et
332 3462 411 3501 ornate
419 3453 504 3513 puellae
514 3453 635 3513 amplexos
644 3453 685 3498 de·
736 3452 852 3499 currendo
861 3451 985 3513 'superarit
993 3450 1237 3515 silacbsbrrtchilles,

184 3529 263 3590 pictus
282 3529 331 3576 est!
351 3526 429 3582 huin,
449 3526 562 3586 pulchra3
581 3527 611 3572 cl.
632 3525 686 3572 infr.
736 3524 869 3571 velocitate.

184 3602 507 3662 LXVI.10.-Opportuue
529 3614 580 3645 cum
596 3601 686 3645 Nostro
768 3599 825 3645 342.
844 3596 959 3644 Flammea
969 3598 1056 3661 vestig.,
1069 3614 1161 3646 cursum
1175 3599 1238 3660 rapi-

184 3673 302 3737 Apollon.
310 3675 356 3720 Rh.
368 3674 389 3719 l.
402 3674 475 3731 1236.
488 3687 552 3733 seqq.
566 3680 686 3733 comparat
735 3667 865 3724 dissimum,
877 3669 1102 3728 concitatissimum
1115 3673 1236 3733 metapho-

184 3747 285 3795 lrennius
296 3746 320 3792 iu
329 3744 442 3808 Spioileg.
452 3745 587 3791 Observatt.
735 3756 761 3789 ra
772 3757 786 3788 a
797 3742 918 3788 celeritate
928 3742 1032 3789 fulminis
1043 3743 1160 3791 translata.

217 3823 274 3870 339.
287 3815 684 3880 Equstmousfflqoeosmyaat-
726 3844 731 3849 -
766 3816 823 3863 345.
841 3814 918 3868 Quum
927 3813 1026 3877 Phrygii
1039 3814 1236 3864 Teucr.mursob..·

183 3910 235 3956 reug.
323 3932 327 3938 .
358 3932 362 3939 ,
445 3930 450 3936 .
501 3928 519 3936 ,,
735 3885 765 3931 de
779 3886 885 3941 Xantho,
900 3885 943 3931 sbi
954 3901 1057 3947 magnam
1070 3893 1171 3948 stragem
1185 3889 1236 3934 edi·

215 3956 279 4027 341.’
291 3964 348 4028 Vog.
358 3967 428 4024 victor
445 3972 498 4011 cert.
517 3977 591 4009 cura:
607 3961 683 4007 locum
734 3957 802 4004 derat
818 3958 931 4005 Achilles.
951 3960 1049 4006 Homer.
1071 3959 1142 4006 llisd.
1157 3960 1234 4009 XXI.

183 4038 308 4085 classicum
323 4038 353 4082 da
370 4035 534 4083 certaminibus
555 4048 637 4080 cursus
654 4034 683 4078 ab
734 4034 774 4078 21.
786 4029 916 4092 ἔρυθςαίνιτο
927 4028 944 4076 l’
954 4029 1037 4092 αἵματι
1046 4029 1104 4095 ὕδωρ.

184 4110 276 4158 Achille
298 4108 415 4169 susceptis
434 4107 496 4169 apud
522 4106 605 4166 Earip.
619 4104 682 4164 dph.
728 4113 732 4121 ’
766 4106 822 4150 347.
842 4102 936 4164 Perjuri
948 4102 1035 4163 Pelopis
1045 4103 1102 4159 hen,
1111 4104 1235 4163 Agamem·

182 4184 237 4229 Aul.
247 4185 303 4230 303.
315 4197 365 4242 sqq.
376 4180 434 4226 mihi
445 4178 558 4225 indicavit
568 4177 680 4232 Innatus,¹
733 4192 787 4222 non.
810 4176 973 4223 Commentarii
991 4176 1065 4223 instar
1087 4185 1123 4223 est
1142 4176 1234 4237 Hygia.

182 4256 225 4303 sed
236 4269 266 4300 ns
284 4269 343 4314 opus
364 4253 457 4315 quidem
475 4260 512 4298 est
528 4251 558 4296 de
576 4249 681 4311 propriis
732 4250 788 4295 Fah.
799 4252 839 4297 84.
853 4255 877 4295 et
891 4250 962 4296 Horu.
975 4247 1045 4296 Iliad.
1061 4249 1092 4295 ll.
1103 4251 1158 4297 102.
1168 4261 1233 4309 seqq.

182 4342 266 4375 aursus
285 4326 449 4376 certaminibus
467 4324 578 4386 cogitare.
610 4320 680 4369 Acci·
