2872 4972
522 363 757 431 CARMEN
793 362 915 437 LXII.

1183 358 1248 426 135

234 549 376 636 Ignotus
390 549 514 638 pecori,
532 547 626 614 nullo
637 557 796 614 contusus
809 555 935 629 aratro,
1205 540 1248 604 40

234 661 343 739 Quem
360 661 508 746 mulcent
524 683 626 742 aurae,
639 663 752 726 firmat
766 658 828 742 sol,
844 659 965 723 educat
981 657 1108 721 imber:
1192 699 1196 710 ·

233 770 338 836 Multi
354 771 450 838 illum
466 773 575 859 pueri,
590 771 705 836 multae
720 779 880 858 optavere
894 767 1038 856 puellae:

237 881 330 946 Idem
342 905 418 948 cum
433 883 525 947 tenui
544 890 680 968 carptus
693 881 851 945 defloruit
870 879 985 965 ungui,

233 990 334 1055 Nulli
348 990 445 1056 illum
462 993 575 1078 pueri,
591 990 693 1055 nullae
711 998 871 1076 optavere
890 989 1033 1074 puellae:

233 1100 290 1166 Sic
303 1100 398 1188 virgo
409 1102 488 1167 dum
504 1101 631 1166 intacta
647 1108 767 1182 manet,
787 1101 867 1164 dum
883 1120 961 1162 cara
977 1101 1045 1165 suis
1057 1107 1121 1165 est.
1207 1095 1249 1159 45

236 1209 323 1276 Cum
337 1219 466 1276 caetum
480 1212 592 1278 amisit
612 1211 743 1298 polluto
757 1231 898 1294 corpore
913 1211 1040 1289 florent,

236 1320 312 1385 Nec
324 1321 438 1408 pueris
448 1321 600 1408 jucunda
615 1327 739 1402 manet,
754 1341 816 1384 nec
828 1340 907 1385 cara
920 1320 1054 1407 puellis.

237 1431 370 1516 Hymen
387 1453 409 1495 o
421 1431 617 1517 Hymenaee,
633 1431 766 1517 Hymen
782 1430 898 1496 adeso
911 1431 1105 1517 Hymenaee.

631 1593 818 1642 JUVENES.

326 1715 374 1781 Ut
388 1698 490 1782 vidua
503 1715 537 1779 in
552 1714 644 1779 nudo
655 1713 732 1779 vitis
745 1735 820 1800 quae
836 1714 983 1778 nascitur
997 1736 1090 1797 arvo,

239 1819 423 1912 Nunquam
440 1847 475 1889 se
488 1822 636 1906 extollit,
646 1844 815 1909 nunquam
827 1821 940 1887 mitem
953 1822 1074 1889 educat
1086 1846 1200 1907 uvam3
1209 1824 1252 1890 50

227 1988 268 2034 40.
287 1984 411 2033 Cononlrur
421 1993 497 2033 aratro
507 1985 531 2031 in
543 1983 641 2031 vetantia
653 1984 778 2031 membran.
795 1983 884 2030 'lbaan
896 1983 955 2031 etin
966 1983 1149 2036 librcMcnrnii.
1212 1977 1222 1991 ’

227 2052 267 2098 45.
286 2048 348 2096 Dum
358 2052 448 2097 intacta
457 2057 539 2106 manet,
551 2056 664 2096 tumeam
674 2050 727 2095 nris
738 2049 775 2094 red
787 2063 818 2094 ex
829 2049 973 2096 correctione
982 2065 1060 2097 eorum
1064 2051 1118 2112 ‚qui
1126 2053 1191 2110 rium,
1197 2052 1264 2101 dum.

194 2130 340 2176 concoquere
351 2130 396 2160 nou
412 2121 516 2175 possunt,
533 2121 557 2160 et
573 2114 711 2174 particulam
726 2112 802 2160 radin
820 2114 927 2173 sequenti
938 2129 1007 2161 verra
1019 2115 1188 2166 desiderarent.
1221 2121 1253 2165 At

195 2186 391 2242 nonnumquam
409 2177 861 2234 excudionrarimua,lectionern‚uon
879 2179 953 2225 nolam
970 2181 1254 2240 agnoscantomnerlibri

197 2246 286 2292 MSSG.
302 2249 326 2290 et
340 2244 407 2292 editt.
417 2244 593 2304 antiquissime,
605 2245 646 2291 red
658 2242 728 2290 etiam
739 2241 834 2302 egregia
850 2243 988 2290 auctoritate
1004 2244 1160 2300 Quinctiliani
1170 2246 1256 2296 conir-

196 2316 271 2355 matur
281 2309 398 2372 (Institut.
406 2309 460 2356 libr.
470 2310 519 2356 IX.
529 2325 551 2354 c.
563 2311 587 2356 3.
590 2311 609 2370 )‚
626 2322 695 2369 quem
706 2307 788 2353 eodem
799 2307 869 2353 morlo
880 2308 1024 2356 hunclocnm
1036 2311 1123 2371 legisse
1134 2326 1166 2361 ex
1175 2311 1255 2361 taldi-

196 2373 361 2434 explicatione,
371 2389 416 2433 qna
427 2374 523 2421 alteram
541 2377 595 2421 dum
612 2388 656 2433 pro
670 2372 752 2433 quood,
767 2371 863 2418 alteram
875 2387 918 2432 pro
930 2389 997 2436 usque
1008 2390 1031 2421 eo
1043 2375 1123 2430 anmit,
1133 2377 1256 2425 mmmm

197 2443 313 2550 itin..
316 2438 1255 2564 ,illtt‘ztil'rt'tssssultbittit‘istdtt‘zlttb'srntit.

197 2582 268 2614 aurun
280 2575 324 2614 est.
337 2568 368 2614 cf.
379 2573 426 2614 not.
429 2567 575 2629 -partioula
585 2568 621 2614 red
633 2571 710 2613 antem
721 2565 803 2611 eodem
814 2567 884 2626 plane
894 2568 963 2614 modo
980 2583 1003 2616 v.
1016 2570 1057 2617 57.
1073 2554 1220 2618 decideratni·
1231 2577 1256 2619 et

197 2632 342 2695 subintelligi
353 2632 432 2679 debet.

230 2698 271 2744 50.
289 2699 327 2744 Ex
344 2698 472 2758 depravata
486 2696 588 2743 lectione
604 2695 701 2742 membr.
715 2694 804 2740 Tbnau.
826 2710 894 2755 quom
910 2697 1031 2744 munttenm
1048 2696 1116 2744 nimia
1133 2697 1256 2776 ingeniosa

199 2762 299 2810 Voaainr
310 2764 425 2822 conjectat
435 2761 551 2809 Amineam
559 2761 640 2808 educat
648 2774 724 2814 ccam,
735 2773 804 2820 quem
815 2759 866 2807 vid.

202 2929 266 2978 Ducit
274 2927 335 2994 trifft
345 2945 371 2978 er
381 2932 443 2978 einen
459 2929 579 2978 Urmnaum
589 2947 629 2987 un,

204 3002 247 3050 Um
257 3003 353 3050 walchen
364 3017 389 3049 er
400 3002 446 3050 siclt
457 3002 579 3066 rchmiegen
591 3002 660 3057 kann,

203 3074 260 3121 Lan
274 3090 299 3123 er
316 3076 360 3121 den
380 3073 498 3141 Jnngliug
514 3075 563 3121 und
583 3075 623 3122 uo
634 3072 703 3121 Mid-

299 3147 364 3196 elren.

195 3262 241 3325 flor
250 3272 354 3319 ametur,
362 3261 392 3311 nb
402 3262 467 3312 aditu
479 3263 576 3326 publico
595 3269 619 3311 ct
631 3261 704 3310 riola-

204 3334 267 3382 tiouc
277 3343 387 3385 remotae.

236 3414 276 3457 40.
294 3410 366 3459 Nullo
377 3418 481 3458 contusus
493 3419 578 3458 aratro.
596 3409 704 3457 Imitatur

206 3491 242 3530 art
252 3483 321 3530 Maro
332 3483 388 3531 AEn.
402 3482 449 3529 IX.
461 3486 518 3533 435.

207 3604 339 3666 Purpureus
351 3603 536 3670 veluticurnflm
550 3605 646 3654 succisus
655 3621 706 3652 ora·

303 3687 348 3735 tro,

207 3746 342 3815 Lcngrretcr't
350 3753 450 3802 moriem.

239 3852 264 3896 4.
277 3848 374 3904 Educet.
382 3850 412 3896 ci.
425 3863 495 3910 supro
504 3849 620 3896 adCarm.
629 3845 706 3894 xix.

208 3925 279 4041 1440.
298 3991 371 4039 nunt
386 3993 452 4039 illum
471 3994 537 4053 pueri
559 3999 605 4038 oet.
638 3991 709 4038 Hunc

207 4074 281 4115 toturn
290 4082 355 4127 pene
366 4081 458 4114 versum
470 4067 580 4112 aNostro
592 4071 710 4110 mutuatur

209 4148 247 4187 eat
268 4139 341 4187 ovid.
368 4138 553 4200 Metamorpboa.
580 4138 632 4184 111.
653 4138 712 4184 353.

211 4211 284 4260 Multi
301 4213 367 4258 illurn
380 4209 624 4277 (Narcissumpuert,
635 4209 711 4255 multu

210 4286 394 4346 cupierepaetiar.
429 4281 712 4344 Hauriracqnoqueinde

214 4357 306 4404 ridetur
324 4357 409 4417 Virgil.
431 4356 523 4404 AEnoid.
543 4356 594 4403 lx.
606 4353 712 4405 581.ιο

752 2898 784 2946 ol.
797 2899 1018 2962 Henna—optavere
1029 2903 1200 2962 groecediotarn
1211 2916 1256 2967 pto

753 2980 835 3033 optare
847 2975 930 3030 solent,
942 2982 968 3021 nt
977 2975 1014 3038 (r.
1024 2974 1078 3039 53.)
1087 2977 1203 3025 aceolum
1212 2993 1257 3042 pro

754 3045 860 3092 accolere
871 3046 957 3093 colent.

786 3119 827 3164 45.
845 3115 916 3165 Tenui
926 3127 1017 3179 carptrn
1027 3123 1110 3184 ungui.
1143 3121 1258 3173 statute

754 3187 839 3251 virgil.
848 3190 943 3238 AEneid.
954 3191 1002 3239 xl.
1014 3194 1054 3241 68.
1082 3192 1177 3248 Qualou
1187 3195 1259 3261 tingi·

755 3276 794 3309 uec
804 3263 922 3310 domnam
930 3263 1105 3328 polticejbrrm.

787 3339 826 3384 45.
844 3335 882 3383 Sic
893 3337 957 3399 virgo
965 3337 1020 3385 dum
1031 3340 1117 3388 intacto
1125 3346 1172 3389 oct.
1185 3342 1257 3391 Hunc

756 3424 848 3456 vertum
860 3409 894 3455 ita
903 3410 1014 3471 explioo:
1031 3412 1102 3472 plano
1110 3411 1143 3460 ita
1152 3429 1178 3461 nc
1189 3414 1259 3464 babct

756 3496 809 3528 oum
823 3480 922 3542 virgine,
939 3483 1052 3544 quamdiu
1067 3484 1109 3531 illa
1124 3485 1260 3547 virginitate

756 3553 851 3614 gaudet,
859 3562 882 3601 at
889 3556 1000 3615 quamdin
1008 3554 1063 3603 idco
1074 3572 1128 3605 cara
1139 3565 1260 3621 ortoque·

757 3627 821 3673 libna
832 3626 891 3674 euin.
902 3628 958 3674 dum
977 3643 1021 3689 pro
1040 3630 1149 3690 quimdiu
1160 3644 1260 3681 umn-

758 3699 803 3746 tier
816 3715 839 3746 v.
857 3715 877 3746 c.
896 3699 988 3748 intrito
1007 3699 1049 3748 illc
1067 3701 1189 3750 'Perantiir
1203 3704 1259 3755 dnm

758 3772 892 3828 irretiuntur,
897 3773 952 3819 dnm
962 3782 1089 3830 comuntur,
1099 3782 1219 3824 urinum.

791 3848 831 3892 46.
850 3845 907 3891 cum
923 3853 1010 3892 cattum
1025 3847 1100 3899 ambit
1116 3847 1196 3907 poliat.
1212 3853 1261 3901 m.

759 3922 840 3965 ornata
848 3932 891 3978 pro
904 3917 995 3977 vulgari
1011 3923 1028 3945 ⁴‘
1037 3933 1090 3964 cum
1102 3918 1261 3980 virginitatem

760 3988 837 4036 amicit
847 3987 996 4036 concubita.”

792 4065 833 4109 42.
845 4059 901 4108 Vitia
912 4062 990 4117 vidua,
1001 4062 1059 4109 nulli
1070 4063 1148 4111 arbori
1157 4063 1260 4127 ailigere.

761 4135 792 4181 ol.
804 4135 887 4180 llcrat.
898 4134 945 4181 Od.
957 4135 1002 4181 lv.
1013 4139 1037 4183 5.
1047 4140 1087 4184 30.
1105 4143 1217 4185 atnotata
1227 4137 1263 4186 ibi

762 4207 787 4253 in
795 4207 854 4252 hano
862 4220 912 4252 ram
920 4207 1212 4270 abiuterpretibaa.—-arnc
1218 4225 1263 4258 rra·

762 4283 798 4337 dc.
814 4281 838 4328 h.
857 4297 879 4327 a.
897 4281 967 4328 nullia
984 4283 1113 4337 arboribus,
1123 4282 1207 4344 quibua
1222 4272 1264 4333 ul·

760 4352 830 4416 jungi
841 4353 897 4403 riti·
907 4353 993 4416 pouit,
1004 4354 1101 4403 ocnrito.
