2872 4972
333 327 1088 423 oasuavrrtcunsosrrrom.
1193 355 1238 419 ar

182 541 425 624 g'rarnrnatis.
468 542 530 606 Sed
553 540 701 602 etiamad
725 541 811 601 aliam
835 561 897 601 rem
921 539 1089 622 respexisse
1109 540 1235 599 videtur.

186 636 331 696 Fornices
346 646 377 695 et
397 637 482 696 cellae
496 636 691 706 meretricum,
712 655 770 694 nec
783 655 843 694 non
856 637 987 694 tabernas
1005 633 1240 693 inscribebantur

184 728 349 788 nominibus
369 748 525 806 puerorum
545 738 573 786 et
588 727 760 806 puellarum,
775 748 840 806 quae
863 727 902 786 ibi
921 727 1104 806 prostabant,
1120 737 1152 784 ut
1166 725 1240 784 dicit

185 821 286 882 Schol.
300 821 438 882 Juvenal.
454 821 493 881 ad
516 821 579 881 Sat.
598 820 655 879 Vl.
672 824 740 880 133.
782 819 873 886 Quod
887 820 1003 899 proprie
1022 821 1183 879 vocabatur
1197 821 1239 876 in·

183 915 298 992 scriptio
312 915 359 974 vel
375 915 480 975 catulus.
505 914 635 973 Martial.
648 914 704 973 XI.
719 918 769 974 45.

459 1043 560 1092 Intrasti
566 1045 660 1106 quoties
672 1045 791 1105 inscripta
799 1045 879 1093 limina
888 1046 964 1102 cellro,

466 1185 474 1193 ,
500 1120 547 1198 ben
558 1136 617 1182 puer
628 1120 715 1178 arrisit,
727 1122 778 1169 siva
788 1122 868 1183 puella
879 1122 931 1171 tibi.

186 1234 305 1299 Seneca
318 1235 459 1298 Controv.
473 1234 499 1293 Ι.
513 1239 543 1295 3.
566 1242 586 1273 “
601 1235 748 1295 Meretrix
763 1248 867 1296 vocata
889 1256 931 1309 es,
951 1236 981 1294 in
1003 1236 1151 1297 communi
1172 1236 1241 1296 loco

186 1328 304 1400 stetisti,
319 1329 519 1407 superpositus
534 1339 579 1388 est
592 1330 675 1389 cellae
695 1340 754 1389 tuae
767 1330 897 1390 titulus.”
933 1331 974 1390 Et
994 1331 1025 1389 in
1038 1350 1120 1410 sqq.:
1143 1339 1163 1368 “
1178 1331 1241 1390 No·

185 1440 254 1480 men
267 1433 350 1481 tuum
363 1422 504 1501 pependit
514 1423 544 1481 in
557 1423 655 1483 fronte
662 1434 755 1496 3÷tot
766 1425 949 1484 intraverunt
963 1425 1069 1487 cellam
1084 1437 1164 1484 tuam
1182 1426 1243 1502 gla-

185 1513 324 1586 diatores,
339 1504 394 1573 tot'
400 1519 525 1589 juvenes
540 1515 715 1575 ebrii.”-ln
727 1515 872 1576 frontibus
885 1516 994 1576 aedium
1008 1526 1040 1576 et
1058 1517 1243 1576 tabemarnm

185 1616 276 1691 atque
293 1607 323 1667 in
345 1607 503 1686 parietibus
517 1607 628 1682 titulos,
644 1629 741 1668 versus
764 1611 890 1686 cujusvis
911 1611 1028 1690 generis
1051 1621 1083 1670 et
1102 1611 1201 1688 elogia
1212 1611 1242 1668 in

185 1699 334 1761 infamiam
349 1700 499 1760 hominurn
513 1702 642 1761 scribere
657 1703 801 1773 solebant,
815 1703 894 1780 quod
909 1703 1008 1762 multis
1022 1713 1155 1763 veterum
1168 1703 1242 1762 locis

186 1792 378 1881 demonstrari
390 1804 497 1874 potest.
530 1795 632 1854 Pauca
642 1793 797 1854 sufficiant.
818 1794 911 1857 Mart.
923 1795 949 1857 1.
960 1800 1037 1856 118:

428 1971 431 1976 Ι
478 1913 565 1960 Contra
577 1913 678 1962 Caeaaris
687 1921 725 1961 eat
735 1915 811 1961 forum
823 1905 927 1971 taberna,

477 1991 578 2052 Scriptis
586 1991 695 2054 postibus
707 1991 761 2039 binc
772 1999 797 2040 et
808 1992 936 2040 indotatis.

185 2102 287 2164 Plaut.
301 2103 398 2164 Mero.
413 2103 453 2162 lI.
468 2109 502 2166 3.
513 2106 571 2169 74:

423 2211 570 2273 Impleantur
578 2227 636 2259 rneae
646 2213 707 2259 sores
718 2211 847 2273 alogiorum
856 2211 1001 2263 carbonibus.

184 2277 282 2372 Cnlex
299 2288 369 2374 llo.
384 2291 479 2373 fronte
493 2314 606 2374 locatur
624 2314 763 2394 elogium.
778 2312 817 2372 cf.
838 2315 956 2374 Petron.
972 2333 1000 2375 c.
1020 2317 1072 2375 29.
1103 2314 1184 2373 Add.
1201 2312 1244 2373 di-

186 2405 273 2464 cendi
299 2405 463 2480 formulam,
492 2427 545 2484 per
571 2417 658 2467 totum
681 2408 816 2484 parietem
843 2408 988 2466 inscribere
1015 2408 1084 2487 apd.
1119 2402 1240 2474 Quinct'.

186 2498 273 2558 Decl.
286 2498 311 2556 I.
323 2504 353 2560 5.

228 2592 397 2673 Sequuntur
410 2593 441 2650 hi
455 2585 574 2653 versus:

446 2713 530 2760 Puella
541 2728 593 2759 nam
605 2727 726 2787 meatque
738 2727 790 2759 meo
803 2710 855 2758 sinu
863 2712 932 2773 fugit,

445 2788 529 2836 Amata
537 2795 634 2846 mntem,
643 2795 751 2855 qnantum
763 2789 877 2835 amabitur
888 2788 984 2834 nnlla-

184 2901 236 2964 lta
245 2900 338 2961 edidit
354 2899 497 2981 Scaliger,
512 2901 613 2963 nescio
628 2921 687 2980 quo
700 2912 832 2962 auctore.
861 2899 1032 2980 Sedneqne
1046 2898 1076 2958 in
1091 2901 1242 2962 codicibus

186 2992 254 3053 brec
276 2993 424 3072 leguntur,
444 3014 540 3074 neque
559 2993 651 3074 recipi
672 3005 793 3073 possunt
814 2994 851 3052 ob
866 3003 1002 3052 metrum.
1043 2993 1140 3053 Codd.
1157 2995 1243 3054 Statii

182 3103 290 3145 omnes
307 3097 338 3146 et
358 3086 488 3147 Dresd.:
507 3088 598 3163 puello
618 3107 680 3144 nont
697 3107 747 3159 me,
762 3106 831 3162 que,
852 3086 933 3165 quod
951 3085 1062 3167 recepit
1076 3086 1242 3156 Guarinus3

188 3176 309 3243 Aldinoe
333 3177 469 3239 editionis
484 3187 585 3237 auctor
599 3177 722 3237 mutavit
742 3177 772 3236 in
787 3179 1014 3256 puellarumque,
1037 3178 1243 3255 quen-Editt.

188 3270 307 3331 Vicent.
323 3271 406 3332 Brix.
421 3272 554 3340 Veneta,
579 3273 750 3330 Puellarum
766 3273 853 3341 modu,
869 3291 936 3348 quoe,
950 3271 1030 3350 quod
1048 3271 1158 3351 placuit
1172 3273 1243 3331 Mu·

183 3374 252 3425 reto
277 3373 307 3422 et
327 3363 444 3424 Vossio.
486 3364 631 3424 Codicum
654 3363 811 3424 lectionem
836 3363 991 3424 manifeste
1011 3376 1179 3446 corruptam
1203 3365 1243 3425 ita

187 3456 402 3517 emendandam
416 3448 555 3519 arbitror:

491 3587 575 3634 Puella
583 3594 665 3644 amam,
674 3604 726 3649 ane
737 3602 790 3635 meo
803 3587 853 3634 sinu
865 3588 933 3650 sugit,

481 3665 565 3711 Amata
575 3669 671 3722 tantum,
682 3672 792 3726 quantum
803 3665 918 3743 amabitur
929 3666 1024 3714 nulla-

187 3777 226 3837 In
242 3777 385 3853 ejusmodi
399 3797 468 3837 vero
490 3778 670 3838 orationibus
691 3778 842 3858 eleganter
863 3781 1004 3841 omittitur
1023 3805 1095 3846 nam.
1117 3785 1178 3847 Vd.
1195 3787 1246 3846 Ti-

188 3869 262 3930 bull.
290 3869 331 3928 lI.
353 3875 380 3929 1.
400 3872 450 3935 37.
473 3872 526 3930 IV.
552 3876 579 3932 l.
605 3876 672 3931 133.
714 3872 844 3932 Verbum
868 3884 960 3933 ornato
980 3876 1066 3938 facile
1091 3880 1121 3938 in
1144 3882 1245 3941 literas

190 3963 394 4036 nammeabire,
406 3964 503 4023 veleb
519 3973 690 4043 sequentem
705 3965 909 4044 repetitionem
922 3970 1028 4050 corrigi
1050 3974 1246 4051 potnit-Ac

189 4054 319 4132 graviter
328 4055 370 4114 ita
383 4056 461 4135 loqui
476 4055 551 4115 solet
563 4055 706 4128 Catullus,
718 4066 751 4115 ut
765 4057 880 4119 XLIX.

481 4202 513 4210 -
521 4173 638 4234 pessimus
650 4174 752 4221 omnium
763 4176 841 4237 poeta,

481 4250 555 4296 Tanto
566 4248 682 4312 passimus
693 4251 793 4298 omnium
804 4253 881 4313 po'eta,

483 4327 576 4383 Quanto
585 4333 611 4374 tu
619 4325 721 4388 optimus
729 4331 832 4378 omnium
844 4339 965 4392 patronus.
