2872 4972
187 335 249 401 xa
359 299 522 399 rnunx
547 331 831 400 numanum
855 328 1065 399 saroam

287 529 438 597 praecepta
462 520 565 599 politas
589 519 643 578 hos
657 518 767 599 exegit,
781 531 813 581 et
826 518 925 580 indice
940 515 1121 596 singulorum
1131 515 1239 577 serbo¹

289 620 352 658 rum
367 601 403 659 ad
420 600 563 680 Erythraei
576 600 744 680 exemplum
755 601 784 658 in
799 601 921 679 Virgilio
935 598 1026 659 stulte
1039 596 1188 659 iustruxit.

189 681 267 740 1569
290 681 356 740 Cat.
372 681 438 739 Tib.
451 681 537 759 Prop.
554 681 734 759 Antverpiae‚
750 702 787 742 ex
801 681 877 741 offic.
892 678 1063 758 Cluistoph.
1082 678 1175 737 Plorat.
1189 680 1239 738 120

287 760 399 821 -Non
411 781 449 820 ex
458 760 558 818 infimo
569 780 660 820 censu
670 762 735 820 haec
745 773 791 822 est
803 761 904 831 editio,
916 760 975 819 imo
989 778 1060 820 vero
1073 759 1151 819 inter
1164 776 1239 852 prae·

193 880 196 884 -
287 843 443 901 stantiores
454 841 634 920 superiorum
644 854 806 920 temporam
819 841 985 901 referenda.
1021 839 1179 900 ECantert
1192 855 1239 897 re·

194 988 197 993 ,
287 922 424 981 censione
438 941 503 981 eam
515 941 579 980 esse
593 921 756 1000 prolectam
766 935 865 982 narrat
875 919 1128 998 Fabricius,qaod
1135 920 1240 978 'rerum

288 1021 347 1059 non
357 1012 419 1071 est;
439 1021 504 1061 nam
521 1001 608 1081 Prop.
624 1013 737 1061 tantum
753 1003 865 1062 Conteri
879 1000 997 1061 scholiis
1011 1000 1237 1060 estillustratus.

289 1082 329 1141 At
343 1083 409 1142 Cat.
425 1095 455 1141 et
467 1082 534 1143 Tib.
550 1101 569 1140 a
583 1083 704 1142 Victore
720 1082 837 1142 Giaselio
851 1098 882 1143 et
896 1080 1012 1140 Theod.
1027 1082 1179 1139 Palmoano
1188 1098 1238 1139 ra·

287 1163 331 1222 'ria
357 1162 485 1222 lectione
509 1162 639 1221 instructi
662 1174 739 1231 sunt,
755 1183 821 1243 quae
835 1162 1016 1242 potissimum
1041 1181 1061 1221 e
1075 1159 1170 1220 Statio
1185 1159 1237 1219 de·

288 1243 400 1321 scripta
421 1255 476 1312 est,
496 1261 535 1301 ex
559 1263 618 1321 quo
633 1242 732 1312 etiam,
747 1243 882 1323 adeoque
903 1262 942 1301 ex
967 1240 1077 1300 Aldina
1091 1240 1134 1311 ΙΙ,
1149 1258 1240 1319 qnam

289 1324 429 1383 Statianae
443 1322 577 1382 lectionis
591 1322 715 1384 fundum
725 1343 789 1382 esse
803 1322 976 1401 ignorabant
990 1321 1042 1379 viti
1052 1320 1143 1396 docti,
1158 1328 1238 1399 stepo

287 1414 487 1472 correxerunt,
502 1403 604 1462 saltem
619 1413 767 1462 mutarunt
779 1404 938 1463 lectionem
964 1400 1086 1472 Mureti,
1104 1420 1196 1478 quam
1206 1400 1239 1460 iri

287 1480 394 1543 ceteris
416 1493 585 1561 sequuntur.
627 1483 767 1559 sabjecta
788 1483 905 1544 Tibullo
926 1495 993 1542 sunt
1008 1481 1088 1543 Galli
1099 1480 1237 1560 fragrem.

186 1677 265 1688 --
288 1583 356 1703 {bril
372 1564 454 1702 p'libf.
469 1563 724 1721 {pppanptacorm
746 1644 824 1704 Galli
853 1663 922 1723 opp.
946 1664 973 1703 c.
998 1642 1095 1703 indice
1120 1608 1241 1702 Horatii

289 1725 485 1783 Tuscanellae.
506 1723 596 1782 Basil.
618 1743 655 1782 ex
678 1724 751 1782 offic.
777 1723 1035 1804 Heancopetrina‚
1056 1743 1105 1784 an.
1127 1721 1238 1783 Salutis

288 1803 473 1863 MDLXIX.
488 1823 588 1864 mense
600 1803 720 1875 Martio,
736 1809 766 1864 8.

190 1886 263 1947 1571
290 1887 395 1960 (impl.
409 1884 479 1943 VII.
494 1888 522 1943 8.

190 1968 267 2029 1575
290 1965 396 2042 Gryplt.
411 1965 497 2025 VIII.
516 1967 565 2025 12.

395 2141 529 2208 AETAS
555 2142 621 2208 IV.
651 2140 1028 2208 SCALIGERIANA.

188 2289 264 2352 1577
288 2285 354 2345 Cat.
379 2285 446 2344 Tib.
462 2287 551 2366 Prop.
578 2304 614 2345 ex
633 2285 803 2345 recensione
825 2286 970 2364 Scaligeri.
1012 2287 1142 2347 Accedit
1160 2293 1237 2364 ejus·

286 2367 353 2425 dem
365 2365 587 2444 castigationum
594 2367 677 2425 liber.
693 2366 830 2436 Lutetiae,
841 2387 887 2445 ap.
903 2367 997 2427 Mam.
1007 2367 1151 2438 Patisson,
1167 2374 1239 2430 8.-

286 2449 444 2525 Spreverat
466 2447 525 2515 ille,
542 2448 655 2506 Mureti
677 2448 887 2506 obtrectatione
902 2448 1056 2517 adductus,
1078 2449 1239 2511 lectionem

285 2531 322 2586 ab
337 2527 393 2585 hoc
408 2528 602 2598 emendatam,
615 2539 646 2586 et
659 2547 718 2586 una
732 2547 797 2586 cum
809 2528 859 2586 illa
873 2528 1013 2586 Aldinam
1028 2528 1082 2598 11,.
1091 2529 1237 2610 rediitque

285 2607 323 2666 ad
335 2607 472 2665 Aldinam
487 2608 523 2677 1.‚
539 2628 577 2666 ex
593 2627 653 2686 qua
665 2608 786 2666 reduxit
801 2628 937 2686 magnum
952 2629 1103 2667 numerum
1119 2610 1237 2670 vitiosa·

285 2706 351 2746 rum
375 2698 406 2746 et
429 2687 658 2766 Importunarum
678 2686 849 2759 lectionum,
871 2709 942 2767 quas
962 2690 1066 2767 partim
1086 2710 1139 2749 suo
1153 2710 1237 2750 more

287 2767 426 2837 correxit,
441 2768 544 2847 partim
560 2769 588 2826 in
603 2779 747 2827 contextu
761 2767 887 2846 reliquit,
903 2788 969 2827 cum
985 2770 1096 2828 dudum
1111 2772 1237 2831 sublatae

286 2858 384 2909 essent
406 2847 437 2906 in
451 2848 519 2907 Ald.
533 2848 576 2907 Il.
598 2856 627 2907 et
649 2848 810 2907 Muretina.
853 2849 979 2908 Secutus
994 2861 1173 2909 tamencum
1189 2863 1236 2912 est

286 2949 354 2988 cum
375 2928 437 2988 aliis
462 2928 690 2988 Brouckhusius.
731 2928 845 2988 Habuit
867 2929 954 2988 etiam
977 2941 1083 3008 praeter
1098 2932 1236 2992 Aldinam

219 3018 232 3032 '
284 3010 311 3069 1.
325 3009 372 3067 vel
387 3009 588 3088 GryphIanam
598 3010 666 3068 inde
682 3028 858 3088 expressam,
874 3010 941 3069 edd.
955 3010 1050 3083 Statii,
1064 3023 1095 3069 et
1107 3011 1236 3072 Plantin:

186 3090 266 3153 1579
287 3089 396 3149 Catulli
410 3089 550 3150 Phaselos
561 3109 587 3148 0.
601 3091 743 3149 adnotatt.
759 3092 911 3150 doctorum
924 3090 1051 3150 virorum
1066 3103 1096 3151 et
1109 3093 1237 3171 parodiis

285 3189 339 3248 per
354 3169 466 3228 Sixtum
483 3171 670 3239 Octavianum,
688 3171 825 3240 Eboraci,
840 3175 870 3229 8.

187 3252 265 3313 1582
287 3251 354 3311 Cat.
370 3249 438 3308 Tib.
451 3249 538 3328 Prop.
550 3269 626 3309 nova
641 3249 740 3309 editio.
755 3251 819 3310 Ios.
834 3251 958 3328 Scaliger
972 3251 1128 3311 recensuit.
1170 3254 1235 3315 Ac·

285 3328 364 3389 cedit
388 3331 518 3403 ejusdem
544 3330 576 3388 in'
597 3331 715 3390 eosdem
740 3331 960 3409 'castigationum
978 3332 1061 3390 liber.
1077 3333 1163 3392 Antv.
1185 3352 1236 3414 ap.

286 3408 433 3487 AEgidium
456 3411 609 3480 Radaeum‚
631 3411 791 3471 8.---Mera
815 3423 859 3470 est
879 3411 987 3470 librarii
1011 3413 1157 3490 repetitio,
1180 3415 1236 3475 nisi

285 3490 366 3566 quod
380 3488 417 3548 ad
431 3490 543 3549 calcem
558 3491 693 3568 adjectus
707 3503 752 3551 est
767 3492 880 3551 Mureti
894 3493 1118 3553 commentarius
1132 3495 1162 3552 in
1175 3496 1234 3556 Ca·

285 3571 346 3630 tull.
360 3590 385 3630 c.
402 3569 534 3647 ejusdem
549 3571 668 3630 scholiis
682 3570 712 3628 in
725 3573 791 3632 Tib.
802 3583 831 3632 et
848 3572 935 3652 Prop.

186 3652 262 3712 1587
286 3651 352 3710 Cat.
375 3650 601 3728 Epithalamium
622 3671 718 3728 graeca
732 3653 907 3732 metaphrasi
929 3653 1047 3731 poetica
1060 3652 1234 3717 donatuma

285 3730 321 3798 Q.
337 3730 466 3804 Septimio
480 3723 605 3790 l’lorente
614 3733 778 3802 Christiano,
791 3734 882 3803 Paris,
893 3739 922 3794 4.
934 3753 982 3812 ap.
1000 3735 1117 3795 Motell.

181 3842 262 3854 --
283 3812 350 3871 Cat.
366 3810 431 3869 Tib.
446 3811 534 3890 Prop.
544 3811 620 3871 serio
633 3814 777 3893 castigati.
789 3817 881 3873 Aatv.
894 3834 931 3874 ex
942 3813 1017 3874 offic.
1033 3815 1130 3894 Chph.
1145 3816 1233 3878 Plan·

282 3891 344 3961 tini,
363 3895 410 3953 12.
1084 3956 1088 3963 ,

182 3974 260 4030 1588
283 3973 350 4037 Cat.
376 3971 443 4032 Tib.
460 3970 548 4050 Prop.
562 3971 661 4050 Lugd.
683 3972 749 4032 Bat.
767 3977 813 4032 12.
828 3975 875 4033 ed.
894 3976 973 4035 lano
995 3976 1092 4034 Deuca
1105 3976 1145 4034 fil.
1164 3998 1233 4038 cum

280 4051 431 4130 pervigilio
445 4051 568 4110 Veneris
582 4063 612 4111 et
626 4051 684 4110 suis
705 4053 734 4110 in
751 4054 816 4111 Cat.
833 4054 899 4115 Tib.
916 4056 1004 4134 Prop.
1024 4060 1232 4132 conjectaneis.

183 4135 262 4192 1592
284 4134 392 4210 Repet.
415 4132 504 4190 Basil.
526 4137 613 4193 1580.
636 4137 666 4192 8.
709 4134 849 4198 Quamvis
873 4155 910 4194 ex
938 4137 1143 4215 Scaligerianis
1164 4140 1232 4200 hinc

282 4214 362 4273 illine
376 4224 519 4279 correcta,
535 4225 634 4271 tamen
648 4213 695 4270 vel
709 4213 751 4273 sic
767 4215 846 4273 nullo
860 4215 927 4275 loco
942 4218 1087 4277 habenda.

178 4325 258 4338 --
279 4296 345 4356 Cat.
361 4293 428 4352 Tib.
440 4294 526 4372 Prop.
542 4293 637 4352 denuo
648 4294 791 4372 recogniti
807 4315 840 4354 ac
851 4297 937 4386 variis
945 4299 1118 4358 lectionibus
1134 4309 1231 4362 0100-
