2872 4972
177 312 254 401 sss
432 314 471 382 c.
494 309 725 383 vinnan
753 309 996 404 curuum

274 543 277 548 -
297 495 396 563 *uass
410 500 433 562 δ’
446 503 501 583 (sc.
517 499 645 576 Peleus.)
660 502 795 562 aaran
808 498 906 582 ἕδραν,

304 594 368 663 Tris
381 597 502 676 ὃνρανοῦ
515 593 657 668 βασιλῆες

306 687 421 747 Πόντου
437 691 460 746 r'
473 689 639 766 ἐφεζόμενοι,
735 719 737 723 v

306 781 389 860 Δῶρα
403 783 448 838 καὶ
460 781 560 860 κράτος
570 781 662 861 iiipa-

349 899 402 936 ναν
415 876 447 942 ἐς
461 878 546 951 γένος
560 878 647 956 ἀντῷ.

186 994 227 1056 At
241 1013 291 1056 aas
304 1005 413 1076 partes,
429 1015 494 1075 quae
507 995 538 1055 in
551 994 596 1055 his
611 994 720 1076 nuptiis
733 995 891 1056 aPindaro
901 994 1004 1077 (Pyth.
1013 994 1069 1054 111.
1082 997 1149 1056 158.
1160 992 1238 1072 sqq.)

186 1086 281 1149 Musis
295 1100 326 1148 et
339 1089 368 1147 in
382 1090 490 1149 veteris
511 1089 605 1169 mythi
619 1088 748 1167 vestigiis
764 1089 818 1149 diis
836 1089 867 1151 iu
886 1090 1053 1167 upiversum
1070 1087 1239 1147 tribuuntur

185 1182 265 1260 apud
281 1182 454 1261 Apollodor.
467 1182 525 1242 ili.
539 1201 568 1242 c.
584 1186 632 1242 13·
646 1201 676 1260 p.
691 1186 762 1244 259.
773 1182 857 1256 (edit.
871 1181 974 1258 Heya.)
989 1181 1049 1240 θεοὶ
1073 1180 1121 1239 τὸν
1143 1181 1241 1259 γάμον

188 1274 376 1354 ἓυυχούμενοι
386 1273 583 1354 καθύμνησαν,
599 1273 720 1351 egregio
730 1274 847 1333 invento
858 1273 896 1333 ad
906 1274 1014 1332 Parcas
1024 1270 1171 1331 transtulit
1180 1272 1239 1331 Ca·
1255 1314 1259 1321 ι
1336 1349 1338 1352 y

185 1365 284 1424 tullus.
325 1365 440 1424 Adsunt
449 1365 538 1444 igitur
546 1365 690 1444 genitales
703 1365 767 1424 deae
782 1365 832 1443 (cf.
844 1365 1003 1444 spanhem.
1014 1364 1053 1422 ad
1064 1362 1238 1423 Callimach.

187 1457 230 1516 Η.
245 1457 274 1516 in
289 1457 379 1518 Dian.
392 1462 443 1518 22.
458 1478 487 1537 p.
503 1463 569 1520 185.
586 1457 656 1516 edit
669 1455 804 1532 Ernesti.)
818 1458 863 1516 his
880 1456 1000 1536 nuptiis,
1019 1465 1049 1515 et
1061 1474 1178 1534 magnae
1192 1475 1240 1514 so-

186 1549 248 1609 boli
261 1550 331 1610 inde
346 1549 462 1609 oriturae
476 1549 577 1609 fatalia
590 1549 714 1608 stamina
723 1549 906 1610 deducentes
920 1542 1109 1628 hymenaeum¹
1121 1558 1241 1608 canunt.

185 1643 373 1702 -Fecerant
386 1643 444 1702 hoc
457 1643 561 1703 Parcae
570 1647 632 1717 jam
646 1642 677 1700 in
689 1643 773 1703 Jovis
784 1642 903 1722 nuptiis,
918 1639 1047 1721 ut'patet
1061 1661 1100 1700 ox
1114 1642 1182 1701 loco
1193 1660 1240 1701 sa-

188 1735 225 1795 tis
239 1735 348 1796 diserto
363 1735 515 1814 Aristoph.
528 1737 606 1793 Avv.
621 1755 650 1793 v.
662 1734 751 1798 1734.
772 1735 840 1794 Nec
853 1734 924 1795 vitio
938 1733 1013 1793 verti
1027 1735 1119 1794 debet
1132 1735 1241 1812 poetae,

186 1828 278 1907 quod,
289 1847 355 1906 qua
369 1828 406 1886 de
421 1826 535 1886 Achille
550 1827 756 1897 vaticinantur,
771 1827 856 1888 nimis
870 1837 972 1906 aperta
985 1826 1044 1885 siut
1057 1846 1114 1887 nec
1127 1837 1240 1887 tormo-

101 1920 104 1924 ’
185 1919 236 1990 sis,
253 1939 307 1999 pro
322 1938 402 1980 more
415 1919 629 1991 vaticiniorum,
650 1920 835 1980 anfractibus
844 1920 993 1999 implicita,
1007 1920 1155 2000 praecipue
1169 1937 1239 1981 cunr

185 2012 255 2091 ipsis
268 2013 335 2088 diis,
349 2011 511 2072 futurarum
526 2032 621 2075 rerum
636 2013 749 2091 optime
767 2013 874 2092 gnaris,
897 2013 1092 2093 pratentibus
1111 2013 1176 2074 hree
1190 2033 1239 2074 ca·

185 2120 290 2165 nerent
299 2124 416 2164 sorores
429 2104 705 2164 fatidicae—Finito
721 2105 888 2184 Hymenaeo
910 2116 941 2164 et
954 2125 1071 2166 carmen
1085 2105 1169 2165 linire
1185 2126 1239 2184 po·

185 2207 263 2258 terat
274 2199 370 2276 poeta,
385 2195 438 2256 sed
451 2196 573 2275 egregie
587 2197 625 2255 ad
640 2196 799 2276 capiendos
813 2196 956 2257 lectorum
971 2197 1093 2269 animos,
1105 2198 1239 2258 sususti-

185 2310 264 2350 mum
274 2291 563 2370 posttotmythorum
572 2290 785 2349 enarrationem
794 2290 906 2349 addere
914 2289 1234 2369 illiplacuitepilognm,

184 2384 216 2443 in
230 2403 289 2462 quo
303 2383 420 2463 quidem
436 2383 459 2440 si
473 2382 607 2460 legimus,
632 2382 804 2462 frequenter
816 2383 915 2442 adhuc
928 2393 998 2441 tunc
1012 2383 1150 2461 temporis
1165 2384 1241 2443 deos

184 2475 351 2536 interfuisse
365 2474 528 2534 mortalium
543 2474 677 2546 coetibus,
693 2474 853 2534 sceleribus
868 2494 968 2533 eorum
986 2475 1117 2535 nondum
1140 2477 1178 2535 ab
1203 2474 1240 2534 iis

185 2569 337 2639 alienatos,
361 2567 474 2626 facilius
489 2565 617 2638 omnino,
636 2567 701 2625 haec
715 2567 813 2625 omnia
827 2566 942 2626 evenire
956 2567 1084 2646 potuisse
1098 2567 1241 2647 tempori·

185 2663 242 2723 bus
251 2660 386 2732 heroicis,
398 2660 510 2720 animus
518 2669 617 2719 noster
626 2658 1002 2738 persuadebitur-Atque
1012 2659 1078 2719 hoec
1089 2671 1157 2719 sunt
1170 2680 1239 2738 quse

186 2755 226 2815 de
239 2763 411 2834 argumento
423 2751 539 2831 praefari
553 2751 646 2811 visum
660 2762 714 2814 eat.
757 2818 760 2824 ²

196 2882 200 2888 ·
226 2848 347 2927 Duplex
366 2846 395 2904 in
409 2844 619 2925 antiquioribus
630 2855 661 2905 et
675 2844 885 2905 recentioribus
907 2845 989 2905 editt.
1003 2846 1088 2923 hujus
1102 2844 1240 2906 carminis

186 2939 391 3001 circumfertur
404 2938 565 3017 inscriptio.
595 2938 679 2997 Prior
691 2949 721 2996 et
733 2937 876 3017 antiquior
889 2937 939 2997 illa
947 2938 1148 3016 Argonautica,
1158 2937 1239 2998 haud

186 3032 274 3093 dubie
296 3033 335 3091 ab
357 3030 480 3091 exordio
503 3030 639 3090 carminis
661 3028 768 3099 efficta,
791 3030 831 3088 ab
846 3029 981 3088 universo
996 3029 1129 3089 carminis
1150 3049 1239 3108 argu·

186 3135 287 3185 mento
300 3143 388 3202 quam
401 3122 527 3182 maxime
541 3123 688 3193 abhorret,
700 3133 731 3181 et
739 3127 806 3198 jure
818 3121 980 3200 meritoque
990 3121 1164 3202 aplerisque
1174 3123 1238 3183 fere

179 3222 241 3294 jam
255 3216 305 3275 diu
319 3215 474 3294 repudiata
488 3215 695 3287 est-Altera,
717 3225 748 3274 et
760 3215 851 3293 vulgo
863 3235 942 3274 nunc
961 3215 1024 3274 fere
1043 3227 1165 3295 recepta
1183 3217 1238 3276 hu

182 3313 232 3391 jus
246 3308 381 3368 carminis
401 3308 552 3387 inscriptio
574 3318 620 3366 est
640 3309 852 3384 Epithalamium
867 3309 943 3366 Pelei
961 3317 989 3367 et
1004 3309 1152 3379 Thourios,-
1169 3331 1237 3389 quae

185 3414 284 3462 tumen
299 3400 405 3478 etipsa
427 3401 464 3459 ab
484 3400 526 3470 iis,
545 3399 595 3478 qui
619 3411 710 3459 totum
733 3401 791 3459 hoc
812 3419 929 3460 carmen
954 3401 993 3460 ad
1010 3421 1142 3461 normam
1165 3404 1240 3484 Epi·
1303 3475 1305 3489 ,

185 3494 399 3564 thalamiorum,
414 3513 481 3571 quae
496 3492 723 3569 exantiquitus
737 3493 775 3552 ad
792 3512 845 3550 nos
860 3492 1055 3571 pervenerint,
1071 3495 1237 3572 exigerent,

187 3586 294 3667 sapius
313 3590 375 3661 jam
397 3584 568 3664 impugnata
592 3596 622 3644 et
641 3585 671 3643 in
690 3585 928 3663 disceptationem
944 3595 1047 3645 vocata
1067 3585 1133 3645 fuit.
1175 3589 1238 3648 Sed

186 3679 353 3759 priusquam
367 3689 427 3736 tam
442 3678 533 3756 ipsam
548 3677 638 3752 hujus
649 3677 784 3737 carminis
798 3677 1017 3756 inscriptionem
1031 3678 1117 3757 plane
1142 3681 1239 3758 rejici·

185 3791 260 3842 nius,
276 3770 365 3852 quim
384 3781 475 3829 totam
491 3768 626 3829 carminis
641 3769 834 3829 oeconomiam
848 3770 1038 3835 acritercum
1060 3771 1123 3830 aliis
1137 3793 1237 3852 repre-

186 3864 353 3936 bendimus,
366 3863 405 3922 de
418 3863 489 3941 ipso,
504 3882 564 3940 quo
578 3862 652 3920 illud
665 3881 684 3920 a
697 3864 786 3941 poeta
800 3864 941 3942 scriptum
951 3863 1000 3934 sit,
1014 3864 1134 3924 consilio
1148 3867 1238 3944 paulo

186 3956 355 4035 diligentius
365 3954 554 4033 quaerendum
569 3953 693 4014 videtur.
721 3955 789 4014 Jam
803 3974 872 4014 vero
888 3955 1036 4015 Catullum
1051 3978 1110 4016 non
1122 3977 1158 4018 eo
1168 3978 1238 4017 con-

184 4050 248 4111 silio
262 4049 371 4109 adhoc
392 4048 576 4108 scribendum
598 4067 716 4106 cmmen
730 4047 898 4118 accessisse,
915 4059 948 4106 ut
966 4048 1007 4105 nil
1025 4049 1079 4109 nisi
1099 4051 1181 4111 Pelei
1205 4064 1238 4112 et

186 4141 330 4207 Thetidos
345 4138 561 4218 epithalamium
574 4149 704 4209 caneret,
721 4159 789 4198 cum
804 4159 840 4198 ex
855 4139 918 4200 aliis
932 4140 1026 4200 causis
1041 4151 1103 4203 turn
1118 4163 1157 4202 ex
1172 4155 1238 4204 toto

187 4233 322 4294 carminis
330 4231 432 4291 habitu
443 4241 473 4290 et
482 4230 599 4290 intextis
608 4231 788 4309 longioribus
798 4231 1038 4310 digressionibus,
1045 4254 1116 4312 quas
1128 4237 1240 4316 respuit
