2872 4972
219 352 264 421 74
347 351 350 355 ’
463 350 1032 429 uvenultllceu'uuul

306 539 381 618 Qua
397 540 524 605 solatus
540 563 575 606 es
590 541 827 609 adlocutione?

308 650 441 715 Irascor·
454 646 527 715 tibi.
550 644 553 649 ’
573 651 629 718 Sic
648 674 738 718 meos
753 659 904 720 amores?

305 761 451 826 Paulum
472 763 552 850 quid
572 756 667 829 lubet
689 763 922 848 adlocutionis

304 870 459 937 Moestius
484 870 630 937 lacrimis
654 873 866 944 Simonideis.

249 1063 273 1108 6.
290 1056 335 1106 Die
345 1073 400 1107 ntees
409 1073 491 1106 autores
501 1059 560 1107 mele
571 1059 629 1107 vult.
641 1060 725 1109 Heius.
741 1061 766 1107 in
777 1066 825 1108 not.
837 1063 866 1108 ad
878 1061 1084 1109 catull-'Iotum
1095 1061 1157 1107 iruna
1169 1077 1269 1118 versans,

217 1140 269 1172 curn
286 1138 372 1171 nexum
388 1139 432 1169 non
450 1125 650 1186 possetussequi,
667 1127 777 1172 audacter
793 1132 819 1172 at
836 1127 904 1181 solet,
921 1125 999 1172 stetIm
1016 1132 1069 1187 post
1086 1126 1179 1172 tertium
1192 1128 1270 1189 posuit

214 1188 391 1301 soiligb'rdulum
401 1251 456 1312 quid
467 1252 504 1299 vel
515 1252 572 1313 quod
583 1250 607 1298 iu
619 1253 759 1314 quibusdam
769 1259 826 1301 vett.
853 1253 954 1300 Paulum
965 1253 1072 1313 quidlibet
1083 1255 1170 1314 Gryph.
1181 1255 1269 1302 Muret.

215 1317 301 1373 etalii,
316 1319 379 1378 quod
390 1316 489 1363 tortasse
500 1316 534 1362 sic
546 1317 659 1377 explicari
672 1323 758 1377 potest,
774 1327 800 1364 ut
812 1319 998 1378 subintelligatur
1009 1321 1062 1364 sutis
1071 1319 1155 1381 fuisset
1166 1319 1204 1366 vel
1217 1318 1267 1364 sic:

210 1383 306 1442 paulum
316 1380 423 1444 quidlibet
432 1381 572 1428 allocutionis
582 1398 596 1428 e
606 1389 629 1428 te
641 1384 770 1442 proiectum
783 1383 886 1429 diustius
894 1383 977 1429 fuisset
994 1383 1090 1430 barinis·
1106 1382 1267 1431 Simonideis-

215 1444 316 1494 Paulum
327 1445 456 1507 quodjuuet
469 1445 569 1492 Vossius
581 1447 723 1508 approbante
735 1447 819 1495 Heius.
831 1448 853 1493 in
865 1453 914 1493 not·
926 1448 953 1494 ed
967 1447 1018 1494 Cat.

245 1588 269 1637 6.
294 1584 332 1632 Sic
353 1599 408 1631 meos
431 1584 532 1630 amores?
557 1584 608 1631 scil.
631 1601 714 1632 curare

212 1659 281 1705 soles.
306 1658 364 1705 'I'am
375 1671 456 1716 perum
469 1671 536 1702 cures
548 1656 581 1709 id,
592 1658 654 1718 quod
665 1658 714 1704 ani-

211 1745 274 1778 mum
285 1745 362 1776 meum
374 1729 478 1790 grevIter
492 1727 578 1775 efficit?
596 1729 714 1790 eleganter

209 1809 289 1851 eutem
310 1801 339 1849 ed
360 1800 408 1847 vim
430 1799 518 1846 doloris
539 1800 713 1861 exprimendam

209 1874 308 1922 verbnm
327 1872 449 1920 omittitur.
469 1886 552 1918 amores
571 1872 663 1934 accipio
683 1874 712 1919 de

209 1943 393 2007 emoreepuelle
403 1942 635 2004 perlidainterrupto,
643 1945 712 1991 adeo·

144 2072 147 2076 ¹
206 2016 255 2079 'que
266 2016 363 2065 infelici.
387 2016 497 2063 Fortasse
510 2016 570 2062 enim
583 2017 657 2063 omnis
669 2018 712 2064 do·

208 2090 336 2139 lurcatulli
343 2088 482 2152 pertineted
490 2088 609 2148 perfidiam
619 2090 710 2150 puellae,

208 2180 276 2226 quern
286 2164 387 2211 carmine
399 2161 521 2222 superiore
539 2177 587 2208 ese
599 2162 622 2208 in
635 2163 711 2209 taber·

207 2251 261 2284 uem
279 2234 406 2282 secessisse
419 2234 458 2279 ait.
478 2248 561 2279 umores
574 2249 635 2296 saepe
647 2240 711 2288 sunt,

207 2308 272 2369 quod
283 2323 326 2354 nos
339 2305 440 2351 dicimus
460 2304 500 2351 die
519 2304 661 2352 Idebschaft.
678 2308 708 2353 cf.

206 2395 251 2428 uos
259 2381 289 2428 sd
301 2378 376 2426 Germ.
387 2377 422 2424 X.
435 2381 457 2423 t.
475 2377 670 2439 Vulpiuscogitat
678 2378 708 2424 de

207 2457 346 2514 praemature
359 2455 434 2496 morta
448 2449 536 2506 fratris,
554 2449 584 2496 de
600 2465 647 2511 quo
660 2450 707 2498 rid.

767 1587 953 1642 consolatorium,
964 1588 1026 1648 quod
1038 1590 1134 1636 martius
1151 1588 1182 1634 sit
1199 1589 1267 1634 lorri-

765 1659 805 1704 rnis
820 1659 958 1714 Simonideis,
973 1659 1117 1706 miserabiles
1134 1668 1158 1706 et
1175 1661 1265 1708 debiles

766 1730 845 1791 elegos
871 1731 998 1778 Simonidis
1028 1739 1131 1792 superet.
1155 1733 1185 1778 ci.
1209 1734 1264 1780 I'ar.

765 1802 831 1849 Lect.
843 1801 939 1851 lanino
956 1804 1025 1863 paulo
1042 1804 1163 1850 sublimius
1175 1807 1205 1851 de
1215 1821 1264 1852 car-

763 1873 874 1928 minibus,
896 1891 947 1936 quse
967 1875 1074 1921 lacrimas
1095 1878 1197 1923 movent.
1229 1879 1264 1924 Si-

762 1947 880 2009 monidem
891 1953 968 1994 eutem
986 1946 1114 1993 scribendis
1125 1949 1264 1998 carminibus

763 2033 856 2079 operam
872 2019 967 2065 dedisse
979 2019 1016 2065 vel
1029 2033 1059 2064 ex
1072 2018 1168 2065 Phaon
1179 2020 1262 2066 tabulis

761 2098 840 2137 notum
852 2096 896 2145 est,
910 2091 1008 2136 multum
1023 2089 1140 2152 praeeipue
1159 2091 1261 2138 valuisse

761 2164 854 2210 videtur
865 2163 888 2209 in
900 2161 1026 2209 tractandis
1038 2165 1108 2208 rebus
1117 2163 1262 2223 lugubribus,

761 2242 786 2282 et
796 2234 895 2301 molliori
908 2250 977 2281 sensu
989 2235 1119 2289 excitando,
1128 2240 1154 2280 ut
1163 2236 1200 2281 bic
1208 2236 1261 2295 ipse

761 2307 843 2354 Nostri
870 2307 935 2353 locus
958 2307 1037 2354 docet.
1070 2306 1131 2352 Hinc
1154 2307 1261 2354 laudetur

759 2379 866 2440 Σιμωνίδης
891 2377 911 2425 ir
938 2377 1019 2439 θρήνοις
1046 2381 1108 2438 apud
1135 2379 1260 2428 Scholiast.

759 2451 877 2497 Theoorit.
889 2451 918 2496 ad
935 2449 1006 2509 ldyll.
1022 2451 1095 2497 XVI.
1106 2452 1147 2498 36.
1164 2452 1213 2497 rid.
1229 2454 1259 2500 de

208 2527 286 2572 carm.
296 2523 416 2571 LXVIII.
758 2523 876 2568 SImonide
893 2521 1036 2569 Menckerus
1051 2523 1081 2569 ad
1097 2522 1186 2582 Hygia.
1201 2523 1260 2572 Feb.

238 2600 263 2644 7.
282 2596 383 2644 Paulum
403 2595 457 2657 quid
475 2594 536 2643 lubet
554 2593 654 2641 adlocut.
673 2593 708 2640 in·
758 2593 1260 2653 CCLXXVII.BeyliusDictionaireHis-

206 2675 321 2730 terpretor
330 2667 408 2714 locum
418 2667 489 2728 paulo
496 2669 621 2714 obscurum
631 2674 654 2712 et
664 2666 708 2711 irn-
757 2667 849 2729 torique
858 2673 882 2713 et
892 2666 999 2727 Critique
1007 2682 1026 2712 s.
1038 2668 1061 2713 b.
1073 2683 1097 2713 v.
1106 2675 1129 2714 et
1139 2683 1197 2728 quos
1208 2668 1258 2715 lau-

205 2741 313 2804 plioitum
332 2741 382 2787 sic:
404 2740 464 2787 lubet
481 2750 537 2800 opto
558 2744 583 2784 et
598 2738 708 2786 desidero
757 2735 1020 2800 datdeiyeuuiuaquae
1030 2738 1143 2786 Simonidi
1154 2740 1259 2786 tribuun-

202 2815 300 2876 peuium
316 2813 370 2876 puid
386 2813 523 2860 adlocution.
540 2811 635 2857 brevem
658 2816 707 2857 rar-
756 2817 804 2866 tur,
813 2811 959 2873 Wesseling.
971 2811 1107 2878 eduDIodor.
1119 2811 1182 2860 Sicul
1190 2814 1225 2860 .Τ.
1237 2813 1258 2859 Ι.
1356 2821 1361 2833 ’

205 2887 324 2935 tummodo
335 2885 524 2939 consolationem,
534 2885 605 2930 breve
614 2897 706 2929 cumen
756 2897 781 2942 p.
792 2885 849 2930 419.

621 3078 835 3123 «4»-

477 3265 739 3350 ennuuu
772 3265 997 3416 ιιιιιιιιι,
1042 3263 1047 3268 ·
1145 3345 1150 3355 .

607 3453 644 3500 ιιι
664 3453 849 3502 nouautuu.

201 3558 206 3645 J
290 3581 497 3660 Eonersus,
510 3577 601 3666 quod
615 3576 772 3644 candidos
787 3577 887 3644 babet
901 3577 1030 3658 dentes,

234 3741 369 3807 Egnatium,
385 3741 502 3788 homiuem
521 3740 619 3788 stultum
632 3747 657 3790 et
667 3741 703 3789 iu-
754 3754 852 3788 evocem
867 3739 947 3810 studet
957 3735 1122 3794 hominemex
1133 3753 1161 3786 es
1170 3737 1253 3800 praeci·

202 3825 281 3884 aptum
300 3815 414 3876 exagitet,
430 3814 479 3875 qui,
500 3830 581 3875 quum.
590 3831 623 3862 ex
638 3830 703 3861 more
753 3828 800 3874 pue
811 3812 911 3867 ratione,
922 3811 995 3872 quod,
1005 3825 1052 3872 quo
1067 3811 1214 3858 candidiores
1229 3818 1253 3859 et

199 3891 286 3957 patrita
294 3887 418 3937 Celtiberis
424 3886 530 3949 proprio,
539 3887 702 3935 dentibusuri·
753 3885 907 3946 expolitiores
925 3885 976 3945 ejus
992 3884 1075 3931 dautes
1089 3883 1143 3939 sint,
1160 3899 1188 3931 eo
1199 3883 1253 3943 plus

199 3962 344 4024 usquotidie
359 3961 416 4008 lotIs
434 3966 458 4006 et
477 3959 599 4021 perpolitis
618 3962 702 4007 cendo-
752 3958 825 4004 urina
843 3972 896 4004 eum
915 3956 1005 4004 bibisse
1022 3955 1253 4003 indicent-Catulli

197 4052 249 4085 seur
268 4035 392 4082 conciliare
413 4033 550 4086 studuisset,
572 4047 702 4093 usquequa·
751 4029 849 4076 rivalem
867 4029 941 4076 fuisse
960 4027 1084 4088 Egnatium
1103 4033 1201 4087 apparet
1221 4044 1251 4074 ex

198 4105 701 4172 qus,utdeatssoendidosostenteret,ueo
751 4101 854 4148 carmine
871 4101 1012 4149 XXXVII.
1031 4099 1071 4146 ubi
1089 4102 1139 4160 jam
1161 4101 1252 4150 noterit

197 4180 248 4229 loci
258 4194 301 4226 nec
310 4178 423 4240 temporis
432 4179 521 4226 ratione
537 4177 624 4233 habite,
638 4177 663 4223 in
673 4192 699 4224 re
751 4174 801 4233 ejus
819 4180 940 4235 stuporem
952 4188 977 4220 v.
995 4175 1034 4220 rt.
1049 4172 1251 4233 squ—Compare

198 4251 266 4316 gauri
282 4265 348 4312 nque
366 4267 394 4299 eo
414 4251 485 4307 tristi,
504 4249 580 4297 ridere
601 4249 699 4296 solebat.
749 4244 1250 4306 ounNostroJ‘emeMurctoelletumloouui

194 4326 234 4376 Ab
244 4325 288 4376 boe
298 4323 371 4387 igitur
380 4324 460 4387 inepto
470 4323 636 4385 etimpertuuo
646 4321 697 4370 risu
747 4319 855 4369 arentur
872 4317 962 4368 Comici
977 4319 1039 4380 epod
1049 4317 1189 4369 Athenarum
1207 4316 1248 4364 lib.
