2872 4972
533 318 936 410 canua'u'nx‘r'v.
1189 291 1261 407 *lar

205 538 272 580 esse
282 521 469 596 arbitrantur,
484 525 564 604 quod
577 526 659 586 nullo
669 527 759 588 modo
772 547 830 589 nec
844 547 862 588 e
876 525 973 588 verbis
986 526 1084 606 po'e‘tae
1099 523 1175 597 elici,
1193 544 1260 596 nec,

204 615 353 691 quomodo
371 616 402 675 in
416 617 619 696 peristromate
629 619 681 680 illo
698 620 854 680 commode
869 618 991 701 exprimi
1007 619 1163 699 potuerint,
1179 619 1261 698 cogi·

203 706 257 765 tari
282 718 388 786 potest,
403 710 474 771 licet
494 711 571 772 hanc
585 713 761 774 sententiam
785 714 953 793 nuperrime
976 712 1164 774 exornaverit
1177 713 1261 774 Doc-

202 801 329 860 tissimus
354 803 439 879 hujus
467 806 603 866 carminis
630 806 774 887 interpres
797 806 1029 867 Mitaclerlicliar
1055 805 1087 864 in
1108 803 1260 865 Lectioni-

204 894 260 952 bus
275 894 384 954 Catulli
394 917 424 976 p.
437 898 588 958 41.—His
601 899 735 960 omnibus
753 898 851 978 igitur,
869 918 935 978 qum
949 898 988 958 ad
1003 896 1164 976 pleniorem
1178 896 1260 956 The·

206 985 249 1045 tei
263 986 413 1048 historiam
435 990 583 1069 pertinere
596 992 775 1064 viderentur,
796 991 948 1071 expositis,
963 989 1013 1050 *ad
1034 987 1262 1075 explicationem

204 1078 323 1139 alterius
336 1081 470 1160 picturoe,
484 1102 551 1162 quae
564 1083 595 1143 in
608 1093 690 1145 veste
704 1084 754 1144 illa
766 1074 902 1163 stragula
912 1082 1159 1163 conspiciebatur,
1173 1082 1262 1162 poiita

206 1173 394 1232 convertitur.
409 1175 449 1253 (v.
462 1175 546 1251 252.)
578 1175 728 1247 Bacchus,
751 1195 818 1234 cum
832 1173 927 1235 thiaso
940 1183 972 1232 et
984 1191 1093 1252 pompa
1110 1171 1261 1234 Bacchica

203 1263 328 1324 insulam
350 1265 431 1326 illam
457 1285 622 1346 pererrans,
649 1268 690 1328 ad
710 1267 856 1347 perditam
876 1276 909 1326 et
931 1265 1029 1326 animo
1053 1265 1260 1344 desperantem

205 1357 333 1436 puellam
351 1359 479 1431 advolat,
501 1364 623 1441 ejusque
639 1378 739 1420 amore
753 1358 928 1420 incenditur.
970 1356 1057 1418 Subit
1070 1356 1120 1416 hio
1139 1374 1260 1437 quoque

204 1449 302 1510 mirari
315 1452 474 1530 prudenter
493 1455 589 1532 poetae
608 1453 771 1514 institutam
791 1452 943 1523 rationem,
964 1451 1024 1532 qui,
1047 1470 1113 1510 cum
1130 1450 1259 1530 inclytas

203 1541 268 1603 illas
282 1543 427 1606 Ariadnes
442 1565 509 1605 cum
524 1545 646 1606 Baccho
662 1545 789 1624 nuptias,
812 1545 843 1604 in
865 1544 971 1624 quibus
995 1541 1195 1602 describendis
1211 1541 1259 1603 'ad

203 1654 341 1696 nauseam
364 1657 459 1717 nsque
483 1638 615 1699 luxuriat
629 1638 754 1698 Nonnus
765 1637 890 1718 Dionys.
904 1636 1036 1696 XLVII.
1048 1635 1168 1695 uberius
1191 1653 1258 1715 per·

202 1729 296 1808 sequi,
311 1739 342 1790 et
361 1732 442 1809 quod
460 1731 601 1811 sequioris
615 1731 710 1791 oetatis
723 1732 810 1810 po'ata
824 1751 851 1791 v.
866 1750 893 1790 c.
911 1728 1091 1790 Claudianus
1104 1727 1258 1799 ambabus,

202 1821 283 1899 quod
301 1821 394 1896 aiunt,
405 1823 583 1903 ‘arrepturus
595 1824 712 1902 fuisset,
733 1824 890 1885 commode
903 1829 966 1901 jam
984 1823 1024 1884 ad
1037 1823 1120 1884 Pelei
1138 1822 1258 1903 nuptias

202 1913 362 1976 transferre
390 1927 498 1996 posset,
518 1917 584 1978 haec
607 1917 706 1979 omnia
724 1917 860 1979 consulto
878 1916 1065 1998 praetermisit
1081 1915 1207 1987 silentio,
1225 1927 1259 1976 et

202 2018 313 2085 praeter
326 2029 373 2081 ea,
394 2029 460 2089 quoe
473 2011 512 2070 ad
526 2011 668 2090 picturam
683 2011 892 2072 declarandam
904 2009 1005 2070 facere
1017 2009 1197 2082 viderentur,
1216 2027 1257 2071 no

202 2101 356 2161 verbulum
371 2102 488 2182 quidem
503 2103 803 2165 addidit—Fortasse
823 2103 855 2163 in
872 2102 928 2164 bac
946 2123 1064 2184 quoque
1084 2102 1198 2182 pictura
1216 2101 1257 2163 ad

203 2204 318 2255 certum
328 2194 459 2274 aliquod,
472 2197 552 2276 quod
567 2208 629 2256 tum
643 2207 782 2269 exstaret,
801 2195 921 2257 artificis
935 2204 1156 2257 monumentum
1169 2195 1257 2274 poiita

200 2306 234 2349 se
258 2289 434 2368 composuit.
474 2290 553 2350 Nam
573 2309 640 2350 cum
659 2290 690 2349 in
706 2291 764 2351 hoc
778 2300 952 2368 argumento
965 2308 1081 2368 pompae
1096 2286 1289 2356 Bacchica,
1364 2275 1370 2285 ’

200 2397 328 2459 parerga
339 2380 493 2442 scitissime
507 2382 633 2461 exprimi
644 2392 774 2462 possent,
790 2394 821 2442 et
832 2381 1059 2442 bacchanalium
1070 2379 1213 2458 imagines
1225 2377 1258 2439 in

201 2471 370 2532 universum
397 2472 631 2554 frequentissime
654 2474 862 2554 effingerentur
883 2473 975 2554 (quod
997 2492 1036 2532 cx
1059 2471 1174 2532 infinita
1190 2471 1256 2534 fere
1369 2546 1371 2552 .

201 2565 446 2645 anaglyphomm,
462 2587 642 2645 gemmarum
661 2577 692 2628 et
703 2577 876 2638 statuarum,
898 2587 965 2646 quaa
979 2566 1036 2627 hac
1051 2566 1089 2626 de
1108 2584 1142 2626 re
1155 2565 1255 2626 adhuc

200 2669 368 2738 supersunt,
382 2658 571 2720 multitudine
594 2671 676 2720 reete
700 2660 840 2740 colligere
853 2658 1018 2740 possumus)
1030 2683 1038 2728 3
1051 2657 1255 2719 lubentissime

200 2770 271 2812 sane
285 2753 354 2811 huic
373 2765 546 2833 argumento
560 2754 716 2824 tractando
731 2765 762 2814 et
778 2752 948 2814 exornando
963 2771 1083 2832 operam
1096 2771 1178 2812 suam
1199 2751 1254 2812 ad·

201 2844 341 2904 dixerunt
353 2853 470 2906 veteres
485 2845 623 2907 artifices.¹
662 2846 784 2907 Juvabit
797 2845 846 2906 hic
865 2864 982 2925 quoque
996 2844 1156 2905 contulisse
1170 2845 1252 2904 tata-

200 2938 254 2994 Iam
267 2937 494 2996 Herculanarum
512 2939 542 2997 ia
559 2940 677 3016 picturis
690 2940 937 2999 Herculanenaibao
953 2938 1040 2999 Tom.
1054 2937 1098 2998 II.
1112 2937 1188 2999 Tab.
1203 2941 1253 3000 16.

200 3028 240 3088 cf.
262 3030 376 3089 Bellorii
391 3031 552 3091 Admiraad.
577 3031 657 3090 Rom.
676 3033 773 3110 Antiq.
795 3031 942 3091 XLVIII.
965 3040 995 3090 et
1014 3051 1080 3110 quse
1095 3050 1112 3089 e
1126 3030 1254 3108 Lipperti

110 3146 118 3159 ’
200 3123 429 3204 Dactyliotheca
442 3124 570 3185 laudavit
577 3128 639 3201 jam
654 3125 773 3188 Gurlitt.
818 3125 884 3184 Nec
897 3123 1050 3204 poenitebit
1070 3123 1109 3184 ad
1133 3142 1252 3204 compa·

199 3217 319 3278 rationis
332 3219 506 3279 suavitatem
519 3219 625 3298 legisse
640 3217 847 3280 Philostratum
855 3218 939 3278 Icon.
951 3218 977 3278 I.
990 3222 1036 3278 15.
1053 3237 1082 3296 p·
1093 3219 1164 3282 786.
1179 3215 1252 3278 edit.

199 3311 315 3384 Olear.;
333 3312 421 3385 unde,
436 3322 579 3392 quantum
603 3311 703 3372 nativa
721 3312 813 3373 nostri
836 3315 936 3392 poie'toe
959 3309 1146 3392 pulchritudo
1165 3310 1253 3371 annio

199 3406 326 3484 quaesitis
339 3405 496 3486 pigmentis
511 3416 542 3466 et
556 3406 735 3466 ornamentis
755 3405 881 3476 antistet,
906 3405 1013 3484 optime
1034 3402 1147 3463 discere
1164 3413 1250 3483 pote·

197 3509 267 3557 runt
275 3498 394 3570 tirones,
405 3498 510 3558 harum
520 3499 732 3577 elegantiarum
741 3498 986 3559 studiosi-Jam
999 3499 1087 3576 poe'ta
1099 3516 1118 3556 a
1131 3496 1251 3556 diverti·

199 3593 281 3665 culis,
296 3593 446 3672 inquibus
466 3613 581 3653 summa
594 3613 662 3654 cum
675 3594 825 3674 voluptate
847 3595 990 3653 lectorum
1008 3592 1128 3652 liberius
1145 3610 1249 3672 exspa-

199 3685 288 3745 tiatus
301 3684 409 3759 fuerat,
429 3686 505 3746 redit
519 3687 558 3747 ad
578 3685 695 3767 nuptias
709 3686 792 3746 Pelei
806 3698 837 3747 et
851 3685 1147 3761 Thetidos.-Major
1160 3702 1253 3746 scena

199 3776 500 3839 adornatum-Cedit
520 3778 575 3839 diis
588 3777 814 3839 adventantibus
828 3779 910 3838 vilior
927 3788 1127 3858 spectatorum
1148 3777 1248 3856 plebe·

199 3870 276 3942 cula,
309 3871 361 3950 (ad
392 3891 443 3932 eos
469 3871 547 3930 enim
570 3871 699 3952 pertinet
723 3871 916 3931 Homericum
950 3870 1053 3952 [Iliad.
1075 3870 1247 3952 XX.181.]

198 3968 321 4048 χαλεποὶ
342 3963 403 4025 θεοὶ
417 3964 572 4045 φαίνεσθαι
593 3965 966 4046 &romaici—Succedunt
980 3963 1109 4022 thalamo
1122 3963 1249 4042 primum

196 4058 302 4118 heroes
317 4078 386 4118 cum
400 4058 568 4119 muneribus
578 4059 765 4138 nuptialibus,
781 4058 890 4118 deinde
903 4056 1007 4137 reliqui
1024 4057 1073 4127 dii,
1097 4068 1128 4116 et
1141 4054 1250 4115 mensis

196 4152 383 4211 accumbunt.
426 4151 466 4210 Et
479 4150 530 4240 bic
543 4162 589 4210 est
603 4171 759 4212 consessus
773 4152 820 4210 ille
832 4149 1062 4230 augustissimus,
1076 4169 1164 4228 quem
1179 4148 1249 4209 Pin·

197 4243 283 4305 datus
295 4242 454 4304 celebravit
468 4242 559 4304 Nem.
570 4242 624 4304 IV.
639 4247 707 4307 107.
