2872 4972
779 103 795 137 0

183 366 275 434 3⁸2·
347 359 1029 448 .'.HANn111Ncan1.nUr1
1094 356 1098 363 ’

184 551 286 620 etium,-
306 569 364 610 nec
384 548 492 609 mutorl
512 543 602 609 debet
625 550 698 627 quod
716 547 747 609 in
770 548 845 628 quid.
886 548 1022 609 Utbene
1044 566 1081 608 oc
1094 546 1250 610 concinne

184 642 328 727 procedat
337 642 441 716 oratio,
456 639 635 722 scripserint

450 807 498 855 Sed
510 812 591 854 oontrr
602 804 705 869 recipior
712 822 777 858 meos
787 825 887 871 moror,

449 884 497 932 Son
506 883 563 946 quid
574 883 672 933 onorius
683 885 843 950 elegantiusve
852 905 860 950 ς

445 961 541 1008 Nom-

187 1090 241 1151 Est
260 1088 291 1148 in
317 1086 376 1148 fine
391 1086 707 1169 versuumsoepissime
721 1087 928 1170 interpolatum
943 1109 1018 1167 esse,
1031 1069 1103 1152 sotis
1116 1082 1252 1167 constat,
1260 1085 1265 1095 ’

190 1190 222 1245 et
232 1182 290 1249 alio
299 1181 366 1243 looo
381 1181 593 1266 comprobabo.

552 1377 602 1437 Ad
623 1375 722 1440 Corm.
744 1375 829 1438 XIV.
852 1383 882 1438 8.

449 1542 551 1605 Quodsi,
559 1550 586 1591 nt
598 1543 715 1606 suspimr,
726 1543 770 1590 lroo
782 1557 867 1591 novrnr
879 1557 907 1592 eo
919 1549 1040 1605 repertum

452 1620 542 1671 Munus
553 1622 594 1669 dot
600 1620 643 1668 tibi
655 1620 720 1669 Solle
730 1619 845 1668 litentur.

197 1744 204 1753 ”
228 1736 332 1799 critici
348 1736 491 1810 nonnulli,
506 1755 597 1817 quum
609 1754 670 1797 nou
683 1734 909 1807 intellexissent,
925 1742 945 1773 “
956 1735 1026 1815 quid
1038 1735 1076 1796 sit
1090 1755 1200 1798 novum
1214 1757 1252 1799 oo

190 1840 341 1911 repertum
359 1831 496 1903 munus,”
514 1831 608 1890 varias
632 1838 831 1909 opposuerunt
852 1828 899 1891 vel
921 1839 1096 1908 receperunt
1110 1830 1261 1893 emenda·.

192 1920 298 1980 tiones.
339 1919 480 1980 Omnium
508 1920 635 2000 pessime
665 1919 786 1979 Vossius
825 1919 1028 1981 refertum.
1059 1920 1252 2000 noeringius,

191 2011 243 2091 qui
256 2010 379 2091 vestigia
393 2011 493 2093 Vulpii
510 2030 647 2093 premere
661 2010 785 2083 videtur,
799 2011 925 2090 positum
935 2024 1019 2091 putot
1032 2031 1086 2092 pro
1101 2021 1121 2050 ‘⁴
1130 2015 1254 2094 excogi-

190 2116 262 2179 rato,
286 2106 461 2188 exquisito?
504 2107 687 2167 Servandum
708 2116 754 2167 est
778 2126 844 2166 voc.
866 2117 1011 2184 repertum.
1052 2108 1171 2185 Reperio
1183 2108 1252 2170 fita

188 2200 282 2279 pario,
308 2210 339 2260 et
352 2209 489 2278 repertum
502 2199 618 2274 dicitur,
632 2198 721 2280 quusi
729 2190 879 2276 repartum,
904 2209 992 2282 utque
1015 2200 1046 2260 in
1069 2201 1167 2262 lucem
1188 2201 1251 2263 edi·

190 2303 263 2363 t‚um
278 2292 384 2353 eodem
398 2293 488 2354 modo
502 2311 539 2354 oo
564 2302 824 2372 compertum.
839 2292 904 2355 Cic.
919 2293 1021 2355 defin.
1036 2293 1095 2356 ΙΙΙ.
1111 2300 1140 2358 1.
1151 2316 1253 2376 parere

192 2385 305 2460 oerbo,
296 2405 316 2446 1.
325 2405 353 2447 e.
368 2404 445 2446 nova
455 2384 742 2465 lingere-Locren
755 2385 815 2446 ΙΙΙ.
827 2389 903 2447 420:

567 2568 678 2632 dnloiquo
686 2532 777 2631 reporta
787 2567 867 2617 labore

458 2644 529 2707 (ligor
541 2653 581 2694 tur
592 2642 824 2710 pergrnidirponoro
832 2645 934 2694 oornrlnr
944 2645 1002 2698 rito.

194 2724 311 2834 llodem
324 2771 388 2833 fere
399 2771 488 2833 modo
502 2771 600 2832 Plaut.
615 2772 705 2854 Copt.
719 2741 779 2836 Ill.
792 2778 824 2836 4.
836 2742 896 2839 36:

342 2929 378 2976 'l'u
390 2927 451 2977 enirn
460 2938 569 2991 repertur,
579 2928 736 2978 Philocratem
744 2904 784 2993 qni
797 2945 894 2993 superos
905 2928 1045 2981 veriverbio.

196 3039 356 3102 Caeoilius
347 3061 378 3100 ιιι
389 3040 522 3121 Epistola
536 3042 616 3122 apud
630 3017 830 3104 Priseionum.
912 3106 915 3111 ,

456 3198 516 3245 Nem
526 3212 588 3245 noro
590 3195 703 3259 ’quidem
715 3195 774 3244 deor
782 3203 892 3259 repertus
903 3196 1025 3247 ertiovis

236 3309 275 3373 Iu
297 3306 404 3371 Dresd.
425 3309 499 3374 Cod.
516 3330 569 3394 pro
592 3331 624 3377 oo
647 3309 754 3394 legitur
768 3321 815 3380 cr‚·
836 3331 896 3377 non
910 3330 1115 3398 repugnarem,
1129 3332 1153 3372 si
1145 3311 1254 3398 plane

198 3401 316 3465 abesset
331 3400 449 3479 copulo

584 3585 632 3650 Ad
654 3585 753 3647 Carm.
775 3580 877 3651 XVII.

463 3766 484 3812 0
496 3762 601 3823 Colonia,
609 3779 661 3825 qum
670 3762 737 3824 cupis
748 3768 818 3824 ponte
828 3763 909 3811 lmlere
920 3730 1000 3827 longo,

460 3842 492 3888 Et
501 3840 570 3889 salire
582 3847 686 3902 paratum
698 3840 780 3887 habes.

205 3952 211 3961 ¹
238 3967 369 4041 Vossius,
385 3969 477 4048 etqui
497 3988 563 4032 eum
574 3980 715 4050 sequutus
730 3978 775 4029 est
788 3967 922 4048 Vulpius,
937 3987 992 4048 pro
1006 3970 1087 4049 longo
1100 3970 1260 4038 ediderunt

140 4125 150 4148 Ι
197 4064 308 4142 lignem
329 4062 439 4141 placuit
450 4062 538 4122 etium
563 4061 737 4140 Doeringio.
779 4061 823 4123 At
837 4079 854 4120 a
868 4061 1037 4122 sensusotis
1051 4062 1180 4142 eleganti
1194 4085 1262 4126 ver-

198 4156 303 4215 borum
317 4154 406 4233 longe
418 4155 599 4215 oberrarunt.
641 4154 707 4214 Neo
720 4165 894 4232 argumento
909 4154 951 4214 uti
961 4155 1118 4227 debebunt,
1131 4159 1213 4236 quod
1226 4159 1260 4224 in

198 4270 263 4338 sqq.
278 4248 385 4338 (licitur
396 4250 559 4327 ponticulus.
601 4247 720 4314 Etenim
736 4247 860 4308 Colonia
873 4248 903 4309 in
924 4248 999 4309 votis
1013 4249 1125 4329 habuit,
1140 4263 1173 4310 ut
1192 4251 1260 4320 loos
