2872 4972
174 348 220 416 se
331 326 350 381 ⁵
384 328 596 415 elnon
626 348 686 416 ru
717 344 1028 416 urrunnun

174 533 366 596 vehementer
381 534 481 594 miror.
516 521 781 614 Elegantissimmn
805 545 851 593 est
873 552 1002 606 carmen,
1027 543 1059 593 et
1078 532 1233 612 praeclaris

174 629 328 690 sententiis
343 626 512 689 affectiones
527 627 615 688 animi
631 646 665 687 ac
680 627 765 688 dolor
779 627 883 707 perfidi
895 627 1013 714 *amoris
1028 636 1089 687 tam
1110 625 1238 705 egregie

174 723 392 794 describuntur,
407 733 441 781 ut
455 741 542 782 nemo
556 741 616 781 non
641 721 759 794 sentiat,
784 721 918 781 ultimum
942 740 1066 793 versum,
1091 719 1130 779 arl
1144 736 1235 797 quern

175 814 309 895 Catullus
323 813 411 875 totius
426 812 563 874 carminis
583 833 728 874 summam
743 815 852 876 referre
865 815 951 887 solet,
970 815 1052 874 haud
1064 832 1168 894 parurn
1180 812 1235 871 fri·

172 924 256 987 gere.
298 906 399 966 Multo
417 906 511 984 magis
530 917 658 986 augetur
678 906 803 987 languor
822 918 943 986 recepta
961 899 1081 966 meliore
1101 905 1233 966 lectione

172 996 277 1080 prioris
299 1019 409 1061 versus.
449 999 518 1060 Nec
536 1011 600 1059 erat
622 999 739 1062 Catullo
754 1000 807 1073 ira,
829 1001 884 1061 sed
898 1000 985 1060 animi
1000 999 1158 1080 aegritudo,
1173 1019 1233 1079 qua

172 1090 299 1152 amicum
311 1103 453 1165 moveret,
472 1092 686 1163 describenda;
709 1093 843 1173 queritur
866 1093 1029 1172 perfidiam,
1053 1113 1111 1154 nec
1131 1103 1233 1153 tamen

175 1184 249 1246 deos
263 1185 408 1265 implorat,
421 1196 454 1246 ut
467 1186 579 1246 ultores
587 1186 685 1247 forent
695 1187 812 1248 violatoe
822 1187 902 1260 fidei,
919 1207 1006 1267 quam
1017 1187 1232 1247 restituendam

174 1276 239 1356 ipse
254 1297 364 1358 cupere
377 1279 493 1340 videtur
506 1283 582 1358 Qum
603 1288 630 1338 te
647 1282 688 1339 nil
697 1280 830 1358 miseret).
850 1281 887 1339 In
902 1281 1007 1341 codice
1027 1281 1142 1341 Mureti
1156 1281 1232 1361 opti·

175 1389 232 1429 mre
245 1380 325 1433 notee
345 1371 499 1450 legebatur
512 1371 569 1443 ita3
590 1371 624 1430 Si
647 1382 678 1430 to
697 1374 795 1432 ollitas
808 1394 846 1453 es,
867 1382 897 1431 ot
912 1370 942 1431 dt
962 1373 1112 1445 meminere,
1132 1383 1162 1431 ot
1177 1394 1232 1432 me·

174 1465 254 1523 nriait
272 1465 372 1524 Fides:
385 1464 474 1545 quod,
496 1476 637 1546 quantum
653 1465 801 1545 elegantia
816 1477 846 1525 et
868 1465 1012 1545 gravitate
1033 1475 1155 1546 praestet
1168 1467 1233 1526 vul·

173 1567 251 1637 gatae
263 1557 396 1637 lectioni,
405 1558 484 1619 bene
497 1559 589 1620 sensit
602 1559 645 1617 vir
659 1559 774 1620 doctus.
804 1559 965 1639 (Guarinus
979 1559 1010 1618 in
1023 1558 1099 1620 notis
1114 1560 1154 1621 ad
1167 1559 1231 1620 h.l.

176 1646 262 1710 auen
281 1660 310 1710 et
330 1652 451 1710 mendnit
468 1650 514 1728 F.)
555 1651 692 1711 Orationi
711 1670 782 1712 vero
804 1661 865 1712 tam
889 1651 972 1731 gravi
993 1672 1054 1712 non
1075 1651 1233 1731 adjecisset

171 1748 263 1825 putta
282 1764 340 1821 qua
358 1754 406 1813 te,·
430 1745 533 1804 saltem
548 1743 667 1805 dixisset
683 1754 772 1823 teque.
817 1744 876 1805 Sed
892 1743 1029 1824 displicet
1055 1744 1144 1804 etiam
1163 1763 1228 1804 ver·

175 1838 281 1897 borum
297 1846 446 1897 structura
458 1837 564 1896 ai-ut.
586 1835 732 1916 Equidem
747 1856 866 1898 sensum
876 1842 982 1917 poetae,
1004 1858 1063 1916 quo
1078 1835 1149 1895 nihil
1164 1856 1232 1897 sua·

175 1928 239 1989 vius
253 1947 317 1989 esse
332 1938 440 2009 potest,
459 1928 622 1989 restituisse
635 1929 706 1989 mihi
718 1929 820 1991 videor
837 1940 972 1990 correcta
992 1929 1232 2010 interpunctione

175 2032 207 2082 et
218 2021 365 2084 levissima
377 2021 538 2084 mutatione
553 2023 703 2086 adhibitae

342 2251 345 2253 Α
354 2206 381 2254 si
392 2212 418 2254 tu
430 2204 517 2254 oblitus
528 2221 563 2263 ee,
574 2203 612 2272 (at
622 2205 649 2255 dl
660 2205 795 2264 meminere,
807 2212 831 2255 at
841 2205 947 2255 meminit
957 2204 1045 2273 Fides)

354 2284 424 2344 Qun,
434 2289 495 2344 tent
503 2282 617 2346 peniteat
626 2285 751 2346 postmodo
760 2284 824 2342 facti,
836 2283 929 2340 lanient,
940 2284 988 2332 tui?

174 2427 292 2503 Quodsi
304 2445 338 2496 tu
355 2436 421 2496 haec
439 2432 547 2507 omnia,
561 2442 614 2495 tua
626 2433 707 2495 dicta
718 2434 868 2514 factaque,
883 2445 914 2494 et
924 2453 1053 2496 amorem
1067 2453 1166 2496 meum
1177 2432 1229 2496 obl

174 2529 247 2590 litus·
264 2548 308 2603 er,
327 2548 394 2609 quae
417 2529 539 2588 tandem
563 2537 595 2588 te
619 2528 792 2599 movebunt,
813 2537 846 2587 ut
867 2538 898 2587 te
916 2527 1056 2607 poeniteat
1069 2527 1139 2587 facti
1152 2527 1233 2587 tuit'

176 2624 278 2690 Quum
290 2641 361 2682 vero
373 2627 465 2702 poeta
478 2620 630 2681 oblivionis
642 2619 824 2680 mentionem
838 2620 968 2693 fecisset,
984 2621 1108 2699 graviter
1121 2620 1232 2699 adjecit

173 2717 264 2776 verba
284 2724 315 2774 ot
337 2711 367 2773 dl
389 2715 538 2788 meminere,
561 2724 592 2775 ot
620 2714 739 2775 merainit
762 2712 853 2773 Fides.
896 2713 1035 2774 Similiter
1054 2714 1137 2794 Virg.
1163 2715 1229 2774 AEn.

172 2809 293 2871 lesluz

400 2962 604 3026 sceptrinum
616 2976 730 3011 memores
741 2960 805 3010 fandi
817 2965 887 3055 qtque
899 2959 1000 3008 nolendi.

448 3140 454 3148 ’
534 3150 583 3212 Ad
603 3149 703 3212 Germ.
723 3148 875 3212 XXXIII.

365 3303 368 3308 ’
448 3305 491 3353 Vs.
502 3308 526 3364 3,
539 3309 563 3355 4.
579 3306 641 3355 Nam
652 3305 736 3354 (iextra
746 3314 814 3369 peter
823 3305 988 3368 inquinatione,

565 3381 627 3431 culo
634 3380 697 3432 lilius
707 3389 744 3432 eat
751 3383 880 3433 voraciore.

170 3511 343 3601 Inquinntas
365 3515 422 3579 dici
442 3537 528 3598 posse
547 3539 660 3596 manus,
683 3521 766 3604 quasi
787 3522 886 3583 multis
903 3522 990 3583 furtis
1012 3522 1151 3604 pollutas,
1168 3544 1231 3591 non

170 3611 359 3692 negaverim
382 3612 435 3672 sed
458 3612 517 3672 hoc
541 3613 610 3673 loco
633 3611 752 3674 minime
776 3625 844 3696 epta
864 3613 982 3677 videtur
1003 3615 1054 3676 illa
1072 3618 1230 3679 verborum

170 3703 419 3791 compositio,cui
438 3716 596 3785 sequentes
610 3701 713 3766 versus
738 3711 769 3768 6.
787 3718 819 3767 et
838 3708 867 3771 7.
881 3707 1059 3788 respondent
1079 3710 1172 3787 petris
1186 3732 1232 3792 ro-

167 3786 249 3877 piae,
262 3807 340 3858 notes
354 3799 458 3876 pilose.
500 3797 680 3859 Jamdudom
688 3799 899 3880 corrigendum
922 3801 1002 3862 hunc
1017 3802 1113 3869 locum
1127 3792 1230 3883 putavi

169 3891 222 3966 ita,
236 3902 269 3952 ut
281 3891 412 3952 membra
425 3910 560 3952 versuum
572 3892 756 3973 diruptorum
766 3895 979 3972 jungerenture
1202 3896 1205 3901 ’

482 4071 545 4118 Nam
554 4071 639 4120 dextra
646 4079 714 4143 pater
722 4078 760 4120 eet
768 4072 895 4131 voracium,
920 4132 925 4146 ³

481 4146 541 4195 Colo
553 4147 615 4195 lilius
626 4145 790 4210 inquinatione.

168 4278 281 4347 Postea
293 4301 331 4345 ex
343 4283 382 4348 L.
398 4282 545 4346 Carrionis
556 4284 647 4364 antiq.
661 4284 729 4348 lect
744 4286 870 4368 Commt.
885 4285 909 4347 l.
924 4305 952 4347 c.
969 4291 1017 4350 16.
1031 4287 1169 4368 cognovi,
1182 4282 1227 4351 ita

1412 1142 1417 1285 l

1393 2521 1407 2805 ⁸

1394 3114 1403 3367 l

1395 3704 1404 3921 l
