2872 4972
341 344 795 417 ostentamentis
826 349 1079 418 GBI'HGAEJ
1209 349 1237 417 t
1336 415 1340 420 .

182 539 299 612 mmm
316 532 462 596 marucia
482 541 603 595 notate.
645 535 786 596 codicem
807 535 970 595 adhibitum
985 552 1062 604 esse,
1077 532 1158 592 mallo
1170 532 1239 594 loco

183 625 269 707 potui
283 625 446 707 intelligere
452 651 464 696 t
477 647 534 688 nec
547 628 682 706 cognovi,
696 630 775 708 quod
788 630 924 708 Heynius
937 629 976 687 de
987 627 1240 695 Tibulloeffirme·

183 720 240 790 sit,
253 719 389 781 Aldinsm
402 720 562 781 secundam
582 742 701 800 prorsus
719 743 823 783 novam
835 743 904 782 esse
916 723 1129 782 recensionem.
1167 721 1242 800 lpas

183 832 306 890 quoque
331 812 462 877 ooetme't
485 813 726 892 interpolationes
750 821 797 892 (nt
820 815 944 879 Pontiani
965 816 992 873 1.
1005 821 1035 885 9,
1060 813 1242 893 aliorumque

186 904 335 988 XXXVI.
345 905 387 982 3.)
402 915 432 966 et
451 914 567 966 textum
581 907 683 984 prioris
698 907 830 985 Aldinoe;
851 908 900 966 vd.
914 907 1057 968 xv11.s.
1073 907 1156 965 XIV.
1171 905 1242 967 XX-
1358 976 1360 980 ³

188 997 316 1058 -Aldinas
331 1018 400 1058 sero
414 999 569 1068 editiones,
584 1020 651 1078 quae
664 1020 725 1059 non
744 1018 880 1078 magnam
900 1000 1008 1059 hebent
1026 998 1241 1069 macritatem,

189 1090 244 1150 uiri
257 1090 337 1150 docti
350 1092 521 1160 recentioris
534 1092 589 1151 aeri
616 1092 647 1151 in
672 1093 801 1170 pluribus
821 1093 938 1171 sequuti
964 1105 1041 1163 sunt,
1063 1088 1113 1152 elii
1140 1103 1244 1152 aucto·

188 1183 283 1243 citans
292 1183 391 1261 specie
406 1184 532 1262 decepti,
547 1184 594 1244 alii
608 1185 688 1244 nulla
701 1185 883 1245 dubitatione
896 1186 1052 1254 commoti;
1065 1185 1143 1244 nude
1156 1184 1246 1243 mexi-

191 1293 250 1344 ma,
265 1275 378 1352 opinor,
393 1275 574 1353 negligentia
593 1277 805 1356 exemplarium
824 1288 903 1336 nata.
946 1277 990 1336 Ut
1003 1277 1179 1336 difficultatis
1192 1281 1245 1336 ex'-

189 1365 378 1445 plicationem
389 1367 542 1438 evitarent,
556 1368 685 1429 editores
699 1389 777 1448 sepe
792 1381 993 1430 correctorum
1009 1389 1101 1447 nugm
1112 1370 1246 1448 cecipsse

189 1459 366 1528 maluerunt,
378 1479 466 1539 quam
473 1461 599 1523 ,codices
612 1463 774 1539 consulere,
786 1473 815 1521 et
826 1461 1105 1541 investigandarum
1117 1462 1245 1522 lectione

193 1551 310 1611 sudare.
351 1551 421 1610 Non
441 1552 544 1630 ignoro
564 1553 671 1613 merita
691 1554 814 1612 virorum
835 1553 991 1624 doctorum
1012 1555 1051 1613 de
1073 1552 1245 1633 quibusdam

191 1643 305 1710 Catulli
315 1644 404 1714 locis,-
417 1643 517 1716 immo,
531 1645 556 1705 si
570 1646 669 1724 plures
684 1646 778 1706 critici
788 1648 873 1717 tales,
887 1647 989 1726 quales
1002 1647 1165 1705 eruditione
1176 1644 1247 1713 idm

191 1737 418 1807 uetustissima
437 1738 589 1817 ‹bligernia
610 1739 721 1800 Statius
739 1740 806 1816 fuit,
822 1741 975 1800 Catullum
998 1749 1160 1810 curassent,
1183 1757 1247 1803 nos,

192 1840 279 1908 puto,
289 1831 463 1905 jamdudum
474 1832 643 1908 legeremus
656 1833 787 1892 carmine
799 1835 954 1899 emendata
967 1853 1002 1893 ac
1019 1843 1171 1901 coroects;
1191 1833 1249 1890 nec

194 1940 243 1987 nae
256 1922 343 1999 fugit,
357 1922 527 1987 ‚varietatem
548 1923 683 1983 lectionis
704 1943 722 1983 e
743 1925 896 1984 codicibus
920 1927 1005 1985 bonae
1029 1936 1109 1985 note
1132 1925 1250 1984 allatam

198 2014 277 2093 apud
292 2015 453 2086 Muretum,
469 2015 662 2093 scaligerum,
676 2016 811 2088 Statium,
824 2019 960 2101 Vossium
975 2029 1005 2076 et
1027 2018 1099 2077 elios
1113 2017 1251 2086 inveniris
1317 2065 1323 2087 ,

196 2122 298 2170 tamen
310 2111 335 2171 si
350 2111 478 2171 editorem
493 2111 681 2189 collegissent
691 2131 797 2170 omnes
807 2112 871 2171 illos
883 2112 1040 2183 lectiones,
1055 2129 1113 2170 uns
1125 2131 1192 2170 cum
1206 2110 1257 2182 iis,

194 2223 271 2281 quas
284 2203 437 2272 Columna,
453 2203 603 2263 Fruterius
620 2204 731 2282 aliique
752 2199 990 2275 conmemorant,
1004 2224 1101 2283 neque
1113 2204 1144 2263 in
1158 2205 1253 2272 veiha

195 2296 327 2375 magistri
336 2302 491 2372 jurassent,
503 2296 630 2376 plurima
649 2309 749 2357 essent
765 2311 872 2358 sanata
885 2311 978 2378 atque
999 2299 1038 2361 sd
1054 2299 1253 2359 sinceritatem

196 2410 283 2450 suam
303 2389 436 2449 reducta.
477 2391 522 2448 At
535 2410 595 2449 non
608 2390 650 2450 ita
661 2390 722 2449 iilis
730 2391 849 2470 placuit.
892 2393 941 2450 Ex
955 2402 1014 2469 qu‘o
1028 2394 1106 2452 etrim
1121 2391 1254 2470 Scaliger

197 2483 354 2544 Macetum
366 2482 538 2561 laudeque
553 2483 663 2562 dignus
684 2495 758 2555 erat,
778 2505 891 2545 summa
903 2486 1045 2544 ¹fraudare
1064 2486 1252 2556 sustinuerat,

199 2586 242 2645 et,
257 2575 313 2634 sibi
325 2594 438 2652 suoque
453 2575 569 2653 ingenio
581 2577 747 2646 confidens,
761 2577 847 2636 Statii
861 2579 1092 2638 commentarios
1112 2578 1254 2657 inspicere
1332 2614 1335 2621 ·

200 2687 262 2725 non
277 2685 378 2744 operae
391 2666 517 2745 pretium
527 2678 688 2745 putaverat,
713 2668 761 2737 alii
780 2669 830 2747 qui
853 2689 921 2728 eum
941 2671 1147 2748 sequebantur,
1171 2686 1255 2748 spere

200 2756 315 2820 Catulli
328 2757 483 2835 aliquando
495 2759 668 2818 restituendi
678 2779 793 2816 omnem
806 2759 980 2818 <miserum
1022 2760 1115 2838 Atqui
1126 2761 1256 2818 donst·-

202 2867 264 2909 ηε
279 2849 438 2918 sranius,
451 2868 539 2927 quem
551 2870 615 2929 prae
630 2850 774 2909 nonnullis
789 2850 989 2910 recentiorum
998 2852 1138 2910 admirari
1155 2852 1255 2923 ¹soleo,

203 2943 449 3003 commentarium
471 2943 584 3022 scripsit
611 2962 648 3001 ex
666 2943 803 3002 omnibus
823 2944 913 3022 longe
936 2945 1258 3022 praestantissimumst

203 3037 244 3096 ob
257 3034 419 3094 doctrinam
440 3045 529 3112 atque
550 3035 824 3115 eruditionemque
845 3037 982 3114 plurimos
996 3038 1078 3096 locos
1092 3039 1138 3096 vel
1152 3038 1257 3097 carmi»

204 3129 292 3188 nibus
306 3127 427 3188 aliorum
440 3127 553 3187 collatis
563 3128 610 3186 vel
629 3127 746 3187 dicendi
766 3148 820 3186 usu
834 3129 1035 3188 demonstrato
1051 3130 1212 3202 illustravit,
1223 3138 1259 3190 et

205 3219 386 3282 mfflmeob
400 3220 570 3279 varietatem
593 3220 725 3279 lectionis
748 3219 903 3298 diligenter
920 3221 1092 3280 adnotatam
1112 3241 1131 3281 e
1153 3223 1258 3281 decen

203 3319 370 3380 codicibus.
412 3315 542 3374 'sextum
556 3316 635 3394 quod
649 3314 763 3385 attinet,
776 3314 889 3374 Statius
901 3315 1049 3384 Aldimm,
1059 3333 1149 3394 quam
1164 3313 1261 3394 saepis·

202 3414 282 3473 ¹aime
301 3421 521 3480 commemorat,
536 3410 600 3488 ¹(vd.
615 3415 665 3479 34,
680 3416 710 3470 3.
744 3415 797 3480 61,
810 3414 860 3469 23.
870 3409 923 3468 all.
937 3408 980 3485 ll.)
994 3428 1054 3468 non
1066 3422 1209 3487 :pemque
1222 3417 1260 3466 nt

205 3515 327 3585 poterat
338 3503 480 3571 correxit,
499 3501 647 3561 nonnullis
672 3501 818 3560 tamenin
845 3501 917 3560 locis
944 3502 1079 3570 codicum
1103 3501 1261 3560 lectionem

207 3596 368 3663 revocavit,
381 3605 411 3652 ct
422 3593 546 3672 plurima
557 3592 679 3651 aliorum
688 3592 771 3651 curis
784 3591 909 3669 reliquit.
951 3592 1018 3669 lpse
1024 3592 1067 3651 -de
1079 3611 1111 3650 se
1123 3592 1184 3657 itas,
1194 3598 1213 3629 ‘⁴
1223 3592 1261 3650 h

208 3689 338 3768 optimis,
351 3687 444 3764 aitip.
456 3684 540 3761 Μ)
555 3685 745 3744 emendandis
769 3684 937 3751 auctoribus
958 3684 1030 3743 sine-
1043 3695 1173 3743 setarum
1192 3687 1263 3744 sub-

207 3780 288 3839 sidio
308 3778 450 3836 librorum
480 3777 548 3834 mibi
569 3776 693 3854 quidem
721 3774 875 3834 nonlicet
901 3794 967 3834 esse
994 3786 1053 3835 tem
1075 3777 1191 3836 ⁸diserto
1212 3779 1264 3858 tet

215 3873 303 3932 verbs
324 3869 454 3943 mutem),
479 3887 536 3927 nec
553 3868 582 3927 si
600 3868 699 3939 licem,
713 3868 812 3927 licet?
847 3869 988 3938 'Causam
1003 3879 1180 3946 quapropter
1194 3868 1264 3928 Mn

209 3965 269 4025 reti
286 3961 399 4021 mentio
417 3978 563 4038 nusquam
579 3961 629 4018 ab·
641 3957 776 4018 eo'daota
792 3970 854 4029 est,
880 3959 1015 4036 equidem
1036 3980 1095 4018 non
1117 3961 1264 4033 intelleaig

217 4053 339 4114 Palladii
348 4072 470 4131 quoque
491 4052 732 4111 commentarium
749 4050 813 4110 non
836 4051 951 4109 videtur
969 4051 1002 4108 in
1028 4052 1115 4110 Statii
1132 4052 1265 4117 notitiam

213 4147 341 4206 uenisse.
381 4145 451 4204 dam
469 4163 540 4202 vero
560 4144 657 4203 lucem
673 4146 811 4203 obortam
827 4143 879 4201 elii
892 4144 1022 4203 tenebris
1032 4145 1094 4202 suis
1109 4147 1267 4206 obscurare

211 4249 378 4319 cooperunt.
413 4237 584 4296 Scaurosa
593 4236 684 4308 enim,
695 4236 756 4314 qui,
767 4235 822 4294 nisi
835 4235 920 4294 nbnis
929 4235 1050 4315 ingenio
1059 4257 1115 4296 suo
1133 4237 1269 4299 indulsis-

212 4333 440 4412 estpsobujus
454 4328 636 4410 prestantis,
647 4328 973 4409 plurimum-proficere
989 4331 1149 4410 immiscet,
1163 4331 1271 4402 inuidis

1232 4572 1380 4656 Α
