2872 4972
280 353 1042 440 OBSERVATIONESCRITIGAE.
1146 365 1192 436 37

133 539 254 610 Gruteri
278 541 408 624 Lampas
423 544 461 606 Τ.
474 545 528 609 IV.
543 560 573 628 p.
591 547 687 627 802),
711 557 744 611 et
766 547 927 612 editionum
941 544 1056 632 antiqq.
1069 549 1201 619 Vioont..

132 637 213 697 Brix.
226 647 258 697 et
271 637 391 698 Venett.
404 639 484 718 (Ald.
498 640 525 702 1.
540 661 659 722 quoque
673 642 704 703 in
717 642 807 724 priori
826 645 931 721 verbo)
939 644 1030 708 lectio
1040 649 1108 718 ests
1195 720 1200 732 Α

425 834 478 884 Hoc
488 852 562 885 amem
572 853 672 887 necesso
682 818 721 886 est

392 911 424 960 Et
435 915 600 965 Verenniolum
609 932 686 967 meum
692 924 717 965 et
727 913 861 967 Fabullum.

131 1049 237 1110 Codex
248 1050 411 1114 Dresdens.
446 1055 504 1114 Hic
512 1075 618 1130 amem,
628 1058 669 1117 Et
679 1057 785 1119 Veron
787 1058 974 1121 -Correcto
982 1057 1074 1120 verbo
1083 1066 1125 1133 ut,
1136 1076 1188 1120 ne·

129 1163 212 1204 cesse
221 1156 285 1205 erat
292 1145 481 1226 reciperetur·
494 1149 583 1209 etiam
594 1152 658 1226 loc,
667 1151 748 1232 quod
759 1145 909 1243 Guarinus
919 1146 1029 1232 primus
1039 1148 1192 1250 probavit,

129 1236 263 1297 Statius
254 1259 285 1296 ιιι
298 1238 387 1299 codd.
396 1250 545 1319 repertum
559 1241 641 1302 dicit.
683 1243 771 1304 Tunc
783 1236 861 1304 enim
870 1236 934 1303 ιιοιι
946 1241 1069 1303 linteum
1080 1229 1192 1317 solum,

128 1328 181 1389 sed
196 1330 314 1391 sudario
327 1351 444 1412 quoque
465 1333 660 1414 intelligenda
678 1345 772 1399 erant.
814 1337 858 1395 At
871 1335 964 1395 multo
976 1345 1097 1414 praestat
1109 1332 1190 1395 codi-

128 1442 206 1499 cum,
220 1445 309 1504 quam
322 1426 418 1499 attuli,
432 1427 532 1489 lectio.
553 1429 617 1488 Hoc
630 1446 690 1488 non
704 1435 751 1488 est
762 1428 783 1488 i.
793 1446 823 1507 q.
835 1449 867 1487 eo
875 1429 981 1508 gratio,
996 1429 1035 1488 ob
1049 1426 1107 1486 hoo
1119 1445 1187 1487 rnu-

38 1568 42 1574 .
57 1522 61 1533 ¹
127 1536 192 1589 nus,
207 1517 238 1575 in
252 1518 377 1597 gratiam
386 1519 528 1600 muneris,
544 1522 624 1602 quod
637 1541 697 1583 non
709 1519 834 1583 dixisset
848 1519 993 1593 Catullus,
1007 1519 1094 1580 sedi.
1109 1541 1139 1600 q.
1153 1521 1184 1580 in

128 1627 180 1679 eo;
200 1610 258 1669 hoo
276 1631 396 1672 munere
412 1613 484 1672 mihi
497 1613 613 1673 amandi
626 1623 695 1676 sunt
708 1612 811 1688 smici3
831 1613 1081 1694 quemadmodum
1093 1611 1187 1673 nostri

126 1707 222 1781 poetae
237 1703 349 1778 dicunt,
372 1707 447 1766 einen
460 1708 490 1766 in
503 1708 577 1768 ειιει·
592 1707 781 1769 Sool.aelieben
823 1706 940 1768 Eodem
953 1707 1043 1768 modo
1056 1706 1122 1767 Cio.
1136 1705 1189 1787 (ad

127 1793 219 1875 Attio.
230 1794 285 1855 IV.
299 1801 346 1858 16.
350 1796 387 1876 )
374 1819 404 1856 m
418 1819 448 1857 eo
461 1817 510 1858 me
523 1797 610 1860 vaide
624 1819 701 1860 amo.
742 1796 784 1860 Ει
799 1797 909 1861 Catull.
924 1788 1009 1868 XIV.
1019 1795 1076 1869 [2.
1063 1797 1187 1858 munere

125 1884 183 1946 isto
206 1887 333 1948 odissem
348 1884 417 1949 odio
431 1889 599 1953 Vatiniano.
640 1892 689 1952 Ita
702 1892 896 1975 explicandus
911 1903 961 1954 est
978 1886 1063 1972 locus
1077 1889 1182 1971 Virgil.
1185 1878 1190 1960 ζ

127 1979 206 2060 (AEn.
227 1978 283 2042 IX.
298 1981 742 2064 9llqu1dpet1s1strs²
844 2052 849 2059 ,
1186 1981 1189 1984 ’

497 2160 550 2253 Ad
571 2191 670 2255 Carm.
690 2189 782 2259 XI-II.
803 2196 834 2254 9.

413 2443 416 2451 ¹
427 2368 570 2447 Sed-eontra
579 2372 683 2438 occipias
691 2387 772 2443 *meros
781 2348 880 2451 amores.

73 2531 74 2536 ¹
162 2513 211 2572 Ex
225 2514 339 2574 duabus
357 2513 545 2588 lectionibus,
560 2515 702 2598 quaejam
715 2524 786 2574 ante
799 2509 993 2572 Parthenium
1014 2510 1181 2582 exstabant,

126 2606 253 2667 editores
278 2606 432 2684 elegerunt
456 2606 644 2668 deteriorem.
687 2603 737 2666 lta
757 2603 845 2676 enim,
874 2614 908 2662 ut
929 2602 1041 2692 scripsi,
1058 2601 1184 2685 legimus

123 2719 241 2759 versum
260 2698 291 2758 in
305 2699 377 2761 edit.
399 2699 471 2760 Ald.
490 2701 515 2759 Ι.
529 2699 644 2758 Muret.
654 2695 763 2769 Vossii,
778 2693 889 2774 Vulpii,
900 2685 1045 2775 Doering
1060 2703 1090 2754 et
1103 2695 1141 2755 al.
1143 2729 1184 2744 -

122 2791 261 2852 Muretus
280 2791 319 2851 de
341 2801 493 2870 unguento
501 2792 566 2871 ipso
578 2788 735 2869 intelligit3
759 2787 884 2847 Vossius
907 2801 975 2847 enm
999 2783 1147 2867 sequitur
1143 2795 1184 2846 et

58 2944 60 2950 ,
124 2884 256 2963 explicat
289 2904 389 2943 merom
416 2885 589 2957 suauitatem,
614 2883 742 2962 allegato
765 2879 886 2940 Horatii
909 2878 977 2939 loco
1009 2879 1106 2960 (epist.
1136 2879 1180 2938 11.

122 2976 216 3054 288),
232 2976 281 3055 qui
293 2978 353 3036 huc
366 2975 454 3056 plane
465 2996 526 3037 non
536 2975 676 3056 pertinet.
708 2968 776 3033 Nec
787 2971 904 3053 probari
917 2979 1014 3058 potest
1025 2971 1182 3058 Doeringii

122 3069 335 3150 interpretatio,
351 3075 370 3106 “
384 3068 528 3149 quidquid
541 3072 671 3129 amorem
684 3084 783 3126 meum
804 3064 1083 3144 probetspiretque,
1096 3063 1180 3124 lucu·

121 3165 203 3225 lenta
215 3164 373 3226 voluntatis
388 3185 463 3225 meae
478 3175 509 3226 et
522 3163 661 3247 placendi
676 3162 766 3224 studii
779 3161 892 3241 signa.’'
915 3163 961 3220 Ex
975 3160 1020 3221 his
1034 3179 1095 3221 non
1108 3159 1193 3221 satis>

121 3257 304 3337 intelligitur,
320 3256 368 3338 qui
383 3257 439 3317 sint
449 3257 522 3318 meri
536 3277 670 3328 amores;
691 3275 748 3315 nec
762 3256 865 3314 umores
880 3254 1028 3326 dicuntur,
1049 3253 1182 3333 generali

121 3348 251 3423 notione,
271 3348 329 3424 vel,
349 3363 383 3411 ut
397 3362 513 3424 vocant,
536 3339 686 3413 abstracto
700 3368 797 3421 sensu,
812 3349 867 3428 pro
882 3367 991 3420 amore,
1012 3349 1060 3409 vel
1073 3348 1180 3414 amoris

121 3445 338 3504 testificatione.
381 3445 449 3505 Sive
473 3466 527 3524 pro
549 3454 697 3525 unguento,
719 3445 779 3504 sive
794 3462 849 3523 pro
871 3458 962 3503 amore
975 3442 1086 3503 dictum
1100 3441 1181 3504 acci.

119 3535 191 3615 pias,
215 3556 276 3596 ιιοιι
291 3536 445 3596 extricabis
460 3557 578 3601 sensum
593 3535 781 3597 commodum
805 3554 842 3595 ac
857 3535 951 3594 verbis
969 3534 1084 3594 Latinis
1106 3555 1177 3595 con·

119 3649 236 3708 gruum.
277 3629 498 3708 Antiquissimae
513 3629 657 3689 editiones
672 3618 788 3689 Vicent.
801 3627 886 3687 Brix.
910 3637 941 3686 et
953 3627 1073 3689 Venett.
1086 3627 1179 3708 (quod

120 3723 218 3794 etiarn,
232 3732 266 3780 ut
278 3722 404 3802 videtur,
422 3723 578 3802 legebatur
591 3724 621 3783 in
641 3722 727 3782 Statii
737 3720 836 3801 codd.)
847 3722 959 3795 habent
979 3742 1050 3782 meos
1064 3743 1178 3783 amores.

120 3815 335 3875 Revocandurn
346 3816 404 3875 hoc
416 3816 551 3880 arbitror.
593 3817 664 3887 Ac
655 3827 698 3876 rta
710 3813 792 3896 loqui
800 3815 876 3875 solet
887 3814 1021 3875 Catullus
1036 3815 1075 3876 de
1088 3836 1179 3896 puero

118 3928 182 3980 suo,
207 3909 255 3967 vel
276 3908 314 3968 de
333 3910 442 3988 puella.
458 3909 527 3969 XV.
544 3916 571 3970 1.
585 3908 1177 3974 Vl.16.Valer.Flacc.V1.268.121.

48 4040 51 4045 -
119 3992 189 4060 Hoc
199 4000 267 4062 loco
281 4000 512 4061 intellexerim“
527 3990 659 4083 puerum,
674 4007 757 4078 cujus
771 4000 906 4061 suavitati
920 4011 1009 4081 atque
1020 4000 1185 4091 elegantrae

119 4097 277 4176 opponitur
289 4107 474 4176 unguentum
497 4099 629 4178 apuella
651 4095 824 4167 donatum;’'
844 4114 913 4156 narn
933 4096 1025 4176 ipsam
1045 4079 1180 4177 puellam
1227 4135 1261 4173 ι,
1303 4096 1336 4115 ”

113 4186 254 4253 Catullus
265 4208 324 4252 non
337 4194 533 4254 concessisset
543 4195 649 4255 amico.
685 4191 753 4253 Nec
767 4193 876 4265 obstat,
887 4205 921 4252 ut
930 4193 1110 4272 Doeringius
1119 4212 1175 4289 pu·

121 4285 213 4357 t'abat,
242 4307 368 4366 sequens
391 4287 534 4367 particula
553 4310 609 4362 seu,
635 4307 703 4368 quae
728 4287 880 4368 eleganter
902 4287 1021 4370 ponitur
1043 4307 1099 4371 pro
1116 4282 1182 4356 ιιιῑ
1202 4286 1255 4385 ’,ζ’
