2872 4972
264 362 403 433 VITA
433 364 474 431 C.
496 365 725 433 ,VALERH
754 365 1009 433 cs'runut.
1075 368 1176 433 xxvii

122 546 433 639 tumultomauqrum
447 549 576 619 familia
590 551 737 619 maxima
750 559 850 634 esset,
864 552 1040 619 neminem
1059 550 1176 621 brboit

124 645 286 730 anua„

331 818 461 876 nm
477 822 523 893 qm·
537 821 631 877 meo
643 823 734 893 nos·
749 821 857 896 ,nme
983 789 987 797 ’

331 896 368 956 In
378 900 441 957 collo
452 902 502 957 rili
513 902 636 959 collocare
643 906 754 977 posen!

119 1028 333 1101 Patrimonio
340 1040 452 1101 mmen
467 1033 549 1101 satis
561 1034 658 1100 lauto
670 1034 775 1100 fuisse
789 1036 935 1120 videtur,
959 1036 1053 1125 quod
1066 1037 1174 1104 bomi-

119 1154 195 1199 nem
215 1154 258 1203 eo
278 1133 355 1200 loco
374 1146 490 1202 uatum
516 1135 660 1202 deceret.
704 1134 797 1201 Nam
819 1144 855 1202 et
870 1137 1000 1221 Roma,
1026 1136 1061 1205 in
1088 1139 1173 1204 urbe

117 1237 302 1314 sumtuosa,
316 1231 445 1299 diutius
459 1241 683 1299 commoratus
696 1241 758 1312 est,
775 1233 890 1322 ibique
904 1234 1075 1300 amoribus
1093 1254 1174 1322 ope-

118 1347 189 1393 ram
209 1327 316 1413 dedit,
331 1348 373 1396 ac
386 1329 526 1395 fundum
540 1330 576 1395 in
589 1351 672 1417 agro
695 1326 881 1395 Tiburtino
899 1330 1071 1418 possedit:
1094 1331 1174 1399 navi

118 1427 230 1492 suain
246 1427 396 1495 Pontum
411 1429 594 1516 navigavit,
612 1450 651 1494 ac
666 1450 702 1493 se
718 1429 887 1495 Sirmionis
900 1431 1014 1495 derum
1024 1431 1045 1495 ÷
1056 1427 1173 1518 appel·

116 1523 190 1592 lare
205 1548 275 1592 nou
290 1537 447 1607 veretur3
472 1550 549 1616 quae
571 1529 682 1593 omnia
698 1527 849 1613 proiecto
864 1538 942 1592 sunt
961 1527 1104 1593 bominis
1122 1526 1175 1593 lo·

117 1624 274 1712 supletis,
288 1632 325 1690 et
338 1626 395 1691 cui
409 1625 592 1690 familiares
613 1626 719 1712 copiae
743 1645 812 1690 non
837 1624 958 1689 desint.
1002 1624 1104 1704 Quod
1123 1633 1173 1690 ma

117 1742 192 1787 meu
207 1722 309 1810 genio
323 1721 525 1806 indulgeret,
538 1723 692 1788 convivia
708 1731 852 1810 pararet,
867 1722 1000 1809 puellas
1014 1741 1035 1786 a·
1049 1722 1174 1797 lenone

115 1817 331 1905 redimeret,‡
342 1819 505 1886 nobilium
517 1819 670 1886 amicitiis
680 1821 826 1895 floreret,
838 1827 1020 1907 propterea
1029 1818 1173 1885 difficul-
1296 1834 1299 1839 ’

115 1924 188 1982 tate
203 1916 391 1984 nummaria
405 1917 527 2005 sepius
540 1926 625 2000 erat,
647 1918 813 2006 villasque
827 1940 904 1983 suas
914 1917 1047 2011 pignori
1063 1937 1172 2004 oppo-

116 2014 229 2085 nebat.
264 2015 365 2095 Hanc
377 2035 460 2080 vero
471 2013 677 2102 potissimum
692 2038 824 2081 causam
841 2014 944 2080 fuisse
957 2015 1169 2099 crediderim,

116 2112 1003 2202 quatecumJurisconsultisetOratoribus,putaurm
1012 2103 1171 2200 Alpheno

116 2206 224 2290 Varo,
244 2209 384 2276 Licinio
399 2211 518 2294 Calvo,
549 2213 669 2277 Tullio
689 2212 852 2278 Cicerone
871 2210 1004 2278 assidue
1022 2232 1173 2277 versare·

116 2314 193 2387 tur3
224 2309 324 2373 bomo
346 2308 474 2373 scilicet
493 2331 558 2374 aere
579 2308 691 2374 alieno
715 2309 907 2389 obstrictus,
927 2318 962 2373 et
985 2308 1171 2373 forensibus

117 2407 262 2493 negotiis
285 2405 462 2471 distentus.
507 2406 686 2473 Lucelium
705 2407 820 2493 itaque
842 2405 999 2471 alicunde
1019 2426 1171 2472 corrasu-

117 2524 186 2586 rus,
208 2502 408 2568 Memmium
430 2512 606 2589 praetorem
622 2505 656 2569 in
670 2505 867 2590 Bithyniam
882 2503 981 2577 simul
1004 2526 1078 2569 cum
1099 2528 1174 2593 ger·

116 2622 217 2671 mano
228 2602 336 2666 fratre
351 2610 484 2666 secutus
498 2613 560 2680 eet,
575 2602 671 2667 nullo
687 2610 798 2666 tamen
815 2623 985 2680 snccessu3
1010 2601 1112 2690 idque
1127 2604 1172 2669 ob

116 2699 273 2788 pretoria
283 2698 432 2787 ejusdem
443 2698 579 2777 nimiam
590 2701 821 2787 cupiditatem,
830 2700 885 2764 vel
898 2708 990 2765 certe
1002 2701 1174 2790 negligen-

116 2798 211 2864 tiam.
257 2797 429 2863 imovero
447 2818 521 2862 cum
545 2799 579 2861 in
603 2798 809 2884 provinciam
824 2796 994 2863 Troadem
1016 2800 1174 2879 venisset,

114 2895 254 2959 fratrem
262 2916 370 2976 suum,
380 2917 479 2982 quem
489 2916 584 2981 aeque
595 2918 634 2961 ac
646 2897 800 2982 seipsum
813 2895 985 2982 diligebat,
995 2897 1172 2963 immatura

118 3001 224 3058 morte
237 2998 452 3080 ,praereptum
477 2992 599 3058 amisit.
645 2992 758 3080 Hujus
781 3002 898 3079 postea
924 2994 1103 3078 cineribus,
1128 2982 1172 3060 en

116 3091 200 3169 Asia
214 3091 250 3155 in
272 3089 406 3157 ltaliam
429 3098 615 3173 revertens,
635 3092 783 3156 maximo
801 3112 943 3156 moerore
967 3080 1172 3185 parentavit:

117 3188 267 3274 ejusdem
281 3188 486 3272 memoriam,
513 3189 716 3278 ubicumque
732 3212 767 3254 se
783 3189 908 3254 obtulit
923 3191 1065 3270 occasio,
1088 3192 1173 3259 mira

118 3286 244 3372 pietate
264 3304 397 3373 semper
422 3286 540 3352 coluit.
590 3287 821 3374 Navigatione
848 3288 978 3351 demum
1005 3278 1171 3369 absoluta,

117 3383 304 3469 phaselum,
315 3376 388 3471 'quo
400 3402 491 3449 mare
503 3385 743 3462 transmiserat,
755 3384 890 3450 Castori
905 3393 940 3450 et
952 3386 1102 3467 Polluci,
1116 3386 1173 3452 ba-

117 3479 197 3545 bitis
217 3502 262 3546 eo
284 3476 434 3567 tempore¹
456 3481 591 3548 navium
616 3482 853 3562 servatoribus,
875 3482 1001 3548 illustri
1025 3484 1171 3550 carmine

116 3574 317 3642 dedicavit.'

161 3675 348 3764 Postquam
363 3684 407 3742 eri
422 3676 559 3763 ephebis
581 3678 735 3756 excessit,
750 3679 784 3742 in
799 3680 917 3743 castris
932 3680 1056 3745 amoris
1070 3680 1171 3766 erepit

116 3773 285 3859 stipendia
307 3773 436 3838 facere:
466 3772 640 3860 inprimis
665 3783 776 3840 autem
807 3775 972 3856 Clodiam,
996 3777 1170 3867 praestanti
1266 3853 1269 3857 ⁴

62 3942 69 3967 ,
117 3871 294 3937 mulierem
316 3872 434 3954 forma,
457 3894 556 3959 quum
573 3881 701 3941 mutato
722 3873 856 3938 nomine
873 3874 1031 3938 Lesbiam
1046 3896 1168 3940 vocare

117 3968 294 4035 cousuevit
304 3996 313 4048 ;
336 3969 575 4056 Hypsitbillam
592 3970 770 4059 quandam,
786 3971 979 4063 Aufilenam
996 3972 1170 4037 Veronen-

117 4064 198 4146 aem,
208 4076 248 4132 et
271 4067 471 4134 Juventium
497 4088 637 4154 puerum
663 4067 817 4153 deperiit.
862 4070 1168 4154 Amores'quo'que

119 4185 196 4229 suos
211 4163 416 4230 mollissimis
442 4165 594 4230 versibus
619 4164 826 4250 complexus
850 4187 891 4230 eo
921 4163 1086 4230 scribendi
1112 4186 1169 4250 ge-

202 4348 219 4381 ’
235 4349 313 4397 Cen.
324 4350 364 4398 10.
566 4353 577 4400 t
595 4351 670 4395 Curm.
682 4351 722 4395 31.
855 4357 866 4408 t
883 4350 960 4396 Carnu.
972 4350 1026 4394 103.

1045 4550 1273 4672 Λ
