2872 4972
334 343 805 417 OBSERVATIONES
836 338 1103 446 GRITIGAE.
1197 352 1244 419 51·

188 545 261 599 verst
276 528 361 594 XIX.
377 536 449 613 16),
464 535 503 596 ad
517 555 568 596 eos
589 536 730 597 homines·
742 536 916 610 referuntur,
929 539 990 617 qui,
999 537 1075 614 jocis
1085 557 1121 598 ac
1133 537 1247 612 verbis„

186 645 255 704 quoe
268 626 420 705 eleganter
428 627 516 688 dicta
530 648 594 688 esse
616 630 732 702 volunt,
750 629 870 688 nimium
891 630 1087 702 abundantes,
1108 650 1168 690 non
1187 629 1244 690 nisi

186 718 302 779 molesti
325 730 414 799 atque
439 721 531 781 odiosi
562 741 628 782 esse
653 733 781 801 possunt
804 721 868 782 aliis
884 722 1017 803 meliora
1039 723 1244 783 sentientibus.

187 809 309 870 Foedam
323 822 354 872 et
366 812 505 874 insulsam
518 814 724 891 scurrilitatem
735 813 809 875 dicit
820 825 926 894 auctor
936 814 1005 874 dial.
1016 814 1054 874 de
1068 825 1143 874 orat.
1154 834 1182 874 c.
1191 817 1242 874 32.

93 970 100 986 .
187 901 232 963 Ut
250 923 320 964 vero
337 907 449 982 jejunia
468 905 605 967 dicuntur
626 908 729 979 tristia,
750 915 912 965 monstrum
934 905 1028 979 triste,
1048 905 1090 966 ita
1108 905 1243 967 Catullus

185 1014 318 1059 scurram
330 999 459 1079 appellat
480 999 664 1059 tristissimum
679 1018 742 1060 rem
754 1024 763 1071 ς
786 1008 817 1060 et
828 998 911 1060 addit
924 998 991 1058 hoee
1005 1019 1043 1058 ex
1056 1019 1110 1058 sua
1124 988 1243 1060 senten·
1322 1019 1340 1045 -·

185 1087 239 1150 tia.
280 1089 355 1169 Ipsis
369 1092 482 1152 verbis:
503 1093 558 1151 Ιιιιι
575 1112 619 1151 res
631 1090 734 1166 irridet
749 1091 813 1152 illos
832 1090 966 1152 homiues
987 1082 1178 1154 miserabiles.
1192 1090 1242 1153 Cf.

185 1186 236 1244 42·
253 1186 301 1249 13·

398 1368 421 1399 v.
434 1351 473 1402 19.
491 1351 567 1413 Quem
578 1362 624 1401 non
635 1353 660 1401 io
671 1351 748 1416 ulique
759 1342 785 1401 re
797 1351 879 1401 videre
890 1352 1014 1400 Fuffenottr

495 1430 582 1478 Possis.

182 1581 361 1662 Legendum
376 1595 423 1644 est
443 1604 519 1662 quem
531 1605 584 1642 nou
596 1586 626 1643 ιἰι
639 1587 694 1643 ultr
708 1604 746 1655 re,
768 1603 836 1644 oum
846 1584 890 1642 ob
904 1581 991 1643 metri
1005 1583 1163 1653 rationem,
1177 1590 1241 1642 tum

187 1676 378 1766 obloquendi
393 1695 487 1736 usum
530 1675 730 1756 corruptum
728 1694 794 1736 ease
807 1694 874 1736 voe
891 1673 1240 1753 manutenuerunt

187 1770 257 1831 c'od.
271 1760 407 1833 Dresd.
395 1792 425 1830 ιιι
438 1766 657 1848 aliquooidire.
724 1784 728 1789 ’

564 1963 615 2023 Ad
636 1962 736 2025 Carm.
757 1962 859 2024 XXX.
889 1959 892 1963 ’

120 2142 121 2146 ’
227 2125 317 2197 Quod
330 2124 439 2210 legitur
452 2152 494 2193 vs.
508 2137 548 2204 4,
563 2131 738 2193 vocabulum
760 2153 817 2204 nec,
832 2133 958 2212 positum
972 2138 1082 2212 putent
1099 2150 1155 2210 pro
1168 2151 1242 2198 ιιοιι;

186 2223 379 2286 vestarium
401 2236 432 2286 et
446 2223 591 2306 Doering.
610 2226 648 2286 ad
666 2226 697 2287 h'.
711 2226 751 2286 1.·
774 2226 869 2285 Immo
888 2236 941 2285 est‘
954 2224 974 2284 i.
996 2238 1097 2304 q.'non
1109 2243 1183 2296 uero,
1197 2225 1246 2282 sed

186 2337 254 2385 nom
276 2328 307 2376 et
319 2317 361 2377 ita
375 2316 474 2379 dicere
489 2318 619 2379 debebat
637 2322 736 2399 potita,
752 2329 785 2378 ut
804 2318 907 2377 omnes
922 2317 1084 2397 scriptores
1096 2315 1221 2376 Latini
1213 2335 1244 2373 ιιι

185 2408 331 2487 ejusmodi
344 2410 533 2470 orationibus.
563 2411 790 2488 connectuntur
804 2409 881 2492 enim
894 2408 1063 2469 haecverba
1076 2427 1144 2469 eum
1159 2417 1242 2503 ante·
1255 2420 1261 2429 '
1345 2464 1354 2477 ,

183 2496 374 2574 cedentibus,
389 2521 424 2563 ee
438 2502 617 2582 respondent
631 2502 797 2580 verbisjcrm
811 2507 839 2560 te
852 2503 893 2560 nil
903 2500 1023 2561 miseret.

180 2674 187 2685 ’
296 2708 321 2740 ι.
332 2695 356 2742 6.
374 2687 453 2741 Ebeul
469 2693 525 2754 quid
534 2692 619 2742 faciant
627 2685 712 2742 dehine
720 2691 836 2748 hommes
848 2707 934 2754 quotve
943 2692 1043 2740 habeant
1053 2692 1137 2740 fidem?

187 2843 329 2905 Statiuse
350 2843 500 2904 codicibus
515 2843 599 2905 affert
620 2847 688 2916 dico,
703 2843 783 2923 quod
805 2843 893 2903 etiam
914 2844 1027 2904 habent
1040 2843 1114 2904 Cod.
1119 2842 1240 2905 Dresd.

185 2948 218 2998 et
236 2937 318 2998 editt
333 2937 452 2997 Vicent.
472 2937 552 2995 Bria.
574 2947 604 2996 et
620 2938 740 2997 Venett
741 2935 895 2996 -Statrus
906 2936 1074 2998 emendavit
1089 2938 1221 3007 delium
1194 2959 1243 2996 ·ru

184 3039 300 3090 textum
311 3039 488 3109 receperunt
503 3028 625 3088 Vossius
640 3039 670 3088 et
685 3021 875 3106 Doeringius.
918 3027 962 3088 At
974 3049 1034 3087 nou
1048 3030 1246 3089 consideravit

70 3116 79 3127 ”
185 3134 291 3184 auctor
304 3122 390 3199 hujus
405 3127 592 3198 conjecturae,
612 3141 677 3181 eam
696 3141 755 3181 uon
773 3120 869 3189 miuus
883 3121 1035 3200 languere,
1051 3142 1140 3201 quarn
1161 3122 1244 3182 codi-

186 3235 255 3276 cum
268 3215 428 3274 lectionem
440 3217 510 3275 dico.
552 3215 647 3275 Poeta
661 3210 783 3293 quidem
798 3213 899 3274 dicere
913 3214 1016 3286 noluit,
1032 3215 1164 3295 Alpheni
1177 3236 1244 3296 per-

184 3307 288 3370 fidiam
309 3324 385 3378 esse,
409 3327 461 3367 cur
479 3306 644 3367 homiues
625 3326 666 3365 ιιι
686 3316 849 3386 posterum
858 3307 968 3366 nemini
992 3307 1082 3367 fidem
1104 3309 1244 3369 habeant

187 3380 385 3460 Sententia'
358 3418 421 3477 ejus
434 3398 500 3458 haec
515 3409 577 3459 est:
599 3405 620 3436 ‘⁴
635 3399 716 3466 Quid
728 3398 838 3458 faciant
848 3397 991 3471 homines,
1003 3399 1148 3479 siquidem
1157 3400 1245 3461 amici

179 3492 227 3571 ita
237 3512 270 3551 se
282 3500 397 3569 gerant,
410 3501 443 3549 ut
455 3491 648 3570 Alphenusi’.
669 3491 776 3551 Differt
786 3510 857 3550 vero
865 3491 933 3552 haec
943 3493 1124 3575 aliquantum
1134 3497 1172 3559 ab
1183 3494 1244 3564 illa,

185 3580 287 3655 Quare
301 3582 420 3643 difficile
434 3583 489 3643 erit
509 3583 645 3644 Pontano
658 3603 718 3644 non
733 3583 876 3669 assentiri,
891 3605 948 3666 qur
939 3585 1042 3646 salva
1064 3587 1203 3648 orationis
1215 3589 1245 3648 ti

185 3675 564 3757 atqueelegantiaseripsit
564 3676 792 3757 quidfaciant
780 3676 832 3746 dic,
842 3677 969 3741 homiues.
992 3678 1042 3739 Src
1052 3677 1161 3742 Horat
1171 3681 1196 3740 1.
1206 3686 1248 3742 8²:

178 3771 288 3848 Lydia,
314 3771 401 3842 dic,-
410 3768 598 3846 Sybarimcur
620 3787 751 3846 properos
775 3769 889 3828 amando
907 3771 1032 3846 perdere.
1035 3771 1159 3853 -Virg.
1175 3773 1246 3837 AEn'.

319 4057 355 4089 vs.
369 4047 408 4099 11,
422 4046 460 4091 12.
477 4043 502 4088 Si
513 4047 539 4088 tu
551 4042 638 4095 oblitus
650 4056 685 4097 es,
694 4047 718 4088 st
730 4042 756 4088 dl
767 4043 928 4102 meminerunt,
940 4047 1044 4094 meminit
1055 4046 1128 4096 Fides
1139 4065 1147 4107 ς

478 4119 547 4177 Qua,
558 4124 581 4164 te
593 4123 620 4165 ut
630 4117 741 4178 poeniteat
752 4121 880 4185 postmodo
891 4123 957 4201 faeti,
965 4124 1045 4184 faciet,
1052 4126 1095 4174 tui.

180 4270 407 4369 ‚Neruius-mad
423 4270 609 4353 languorem,
633 4288 692 4346 quo
714 4268 744 4329 hi
768 4289 1073 4360 versuspremuntur,
1096 4278 1340 4656 efen?

1024 4376 1047 4435 Q
1208 4414 1211 4419 .
