2872 4972
513 598 964 682 PRAEFA'I'IO.

631 879 843 928 -4—

215 1093 413 1218 Quamvis
428 1131 463 1196 in
477 1153 565 1196 more
580 1132 725 1218 positum
737 1142 800 1209 est,
814 1142 864 1209 ut,
879 1133 983 1220 quiin
997 1134 1098 1199 altera
1111 1134 1186 1200 libri
1203 1159 1261 1202 cu·

210 1246 354 1334 jusdam,
369 1265 468 1332 quem
483 1243 665 1319 ediderunt,
681 1244 778 1309 Parte
797 1245 984 1331 praefantnr,
998 1246 1143 1311 animum
1159 1248 1260 1335 inpri-

213 1357 277 1422 mis
297 1357 339 1420 ad
355 1377 404 1431 ea,
419 1377 493 1442 quae
512 1354 594 1418 Pars
608 1355 696 1440 prior
710 1366 845 1442 experta
858 1367 909 1421 est
918 1357 1057 1443 judicia,
1075 1359 1257 1434 advertant,

214 1478 258 1544 et,
273 1490 347 1555 quae
360 1466 524 1553 iniquiora
534 1468 606 1531 visa
627 1478 713 1544 sunt,
728 1469 874 1534 refellere
893 1479 993 1554 atque
1009 1468 1132 1533 diluere
1147 1470 1259 1535 stude·

214 1590 290 1658 ant3
311 1599 427 1644 causas
447 1588 567 1653 tamen,
582 1599 640 1642 cur
658 1577 810 1665 equidem
825 1578 946 1644 abhoc
961 1601 1051 1644 more
1064 1580 1258 1656 recederem,

212 1688 315 1754 habui
336 1689 482 1753 idoneas.
525 1688 612 1753 Nam
634 1690 724 1776 quod
739 1700 827 1755 recte
848 1689 891 1754 ab
911 1712 1006 1778 aequo
1018 1691 1132 1776 judice
1147 1712 1259 1756 mone·

213 1811 267 1867 tur
273 1810 317 1866 et
328 1799 584 1887 reprehenditur,
596 1801 632 1864 id
645 1822 667 1864 a
678 1796 838 1888 quolibet,
852 1800 910 1887 qni
923 1818 992 1864 non
1007 1799 1058 1864 sui
1076 1822 1185 1864 amore
1200 1800 1258 1865 ob-

213 1923 355 1978 caecatus
379 1920 440 1986 est,
460 1921 553 1998 grato
576 1911 685 1975 animo
706 1911 907 1998 agnoscitur,
931 1921 965 1976 et
983 1911 1083 1976 tacite
1105 1912 1140 1975 in
1161 1934 1258 1976 usum

213 2021 433 2100 convertitur3
455 2022 545 2108 quod
559 2043 636 2086 vero
650 2043 671 2086 a
682 2043 817 2087 censore
836 2021 1062 2108 supercilioso,
1074 2020 1121 2084 nil
1131 2021 1194 2084 nisi
1208 2021 1257 2084 ri-

213 2134 261 2200 tia
273 2133 423 2208 rimante,
443 2133 523 2197 ficta
533 2131 671 2197 subinde
686 2142 850 2219 crepante,
866 2140 901 2196 et
913 2133 955 2196 de
965 2131 1018 2207 iis,
1037 2153 1111 2218 qura
1129 2153 1258 2196 asensn

214 2245 390 2332 cujuslibet
403 2243 558 2331 pendent,
574 2265 694 2330 magna
713 2266 788 2308 cum
802 2243 924 2308 fiducia
937 2243 1173 2330 pronunciante
1188 2253 1257 2306 stu·

213 2354 306 2420 diose
321 2364 355 2419 et
368 2364 484 2441 praeter
497 2355 632 2419 modum
646 2355 789 2442 carpitur
802 2365 837 2419 et
849 2354 1034 2442 sugillatur,
1049 2354 1095 2430 id,
1110 2376 1187 2418 cum
1199 2377 1259 2418 ne-

211 2489 266 2532 mo
283 2466 353 2532 sine
366 2465 642 2552 praevaricationis
655 2465 842 2552 suspicione
857 2465 892 2529 in
905 2488 1005 2531 causa
1018 2488 1078 2530 sua
1086 2465 1190 2552 judex
1205 2488 1257 2530 se·

213 2579 300 2655 deat,
315 2578 435 2644 rectius
449 2599 571 2655 eorum,
587 2578 644 2666 qui
661 2577 725 2665 ipsi
739 2578 773 2641 in
786 2578 839 2642 his
849 2579 952 2643 rebus
965 2577 1087 2653 vident,
1104 2576 1259 2663 relinqui·

212 2702 266 2756 tur
283 2689 428 2755 arbitrio.
472 2688 564 2753 Nihil
585 2688 686 2776 igitur
705 2689 822 2763 habeo,
837 2690 927 2775 quod
942 2688 977 2751 in
991 2687 1103 2753 limine
1122 2687 1257 2752 alterius

109 2793 117 2815 ¹
213 2803 332 2877 Partis,
346 2823 420 2888 quae
436 2799 590 2863 Carmina
611 2798 734 2863 Catulli
752 2798 910 2886 Elegiaca
923 2798 1081 2873 continet,
1095 2820 1258 2874 moneam,

211 2914 276 2979 nisi
291 2923 329 2978 ut
342 2911 495 2999 aperiam,
510 2932 649 2998 quorum
663 2910 843 2997 diligentiae
862 2910 990 2997 accepti
1004 2911 1164 2976 referendi
1180 2921 1258 2974 sunt

212 3023 353 3112 subjecti
370 3023 512 3087 ludices.
556 3021 702 3087 Priorem
718 3021 852 3108 quidem
865 3023 898 3086 in
914 3020 1094 3086 Contextum
1113 3022 1258 3088 confecit

210 3135 386 3201 Joaurrns
407 3133 640 3198 Farnnarcus
664 3132 854 3208 Sraauan,
879 3130 1048 3208 Gothum,
1063 3143 1098 3198 at
1119 3132 1258 3220 posteri·

212 3268 284 3311 ores
300 3242 475 3320 Nominum,
488 3242 605 3308 Rerum
616 3255 646 3308 et
659 3243 692 3307 in
703 3242 800 3309 Notas
809 3244 1007 3308 Hnuarcus
1019 3243 1255 3308 Fanucrscus

211 3357 444 3423 Farnnmcns
461 3355 687 3432 Lauinam,
702 3354 873 3426 Cubdensis:
888 3355 944 3442 qui
953 3355 1018 3418 duo
1028 3355 1169 3419 Juvenes
1180 3375 1256 3419 cum

212 3468 320 3543 laude,
335 3489 409 3554 quae
428 3465 463 3529 in
483 3467 615 3554 optimae
629 3478 716 3532 notae
740 3466 920 3554 discipulos
936 3465 1036 3541 cadit,
1050 3465 1202 3538 maxima,
1222 3472 1257 3530 et

213 3602 288 3645 cum
303 3580 371 3665 sp'e,
387 3600 485 3665 quam
499 3580 539 3644 de
558 3579 677 3644 studiis
692 3578 886 3655 excitarunt,
905 3576 1085 3653 laetissima,
1107 3585 1183 3640 ante
1198 3597 1256 3639 an·

212 3711 291 3755 uum
309 3712 327 3754 e
346 3687 519 3775 disciplina
541 3700 653 3755 nostra
673 3690 807 3778 egressi,
832 3712 921 3754 nunc
946 3686 1071 3755 altioris
1097 3686 1256 3752 doctrina

213 3800 330 3867 studiis
345 3823 488 3866 severam
503 3823 634 3887 operam
649 3811 770 3866 navant
783 3800 818 3864 in
835 3799 1015 3865 Academia
1036 3798 1181 3873 Jenensi,
1196 3796 1257 3861 ibi·

213 3934 277 3999 que
299 3911 333 3976 in
351 3910 414 3987 via,
430 3933 495 3998 qua
513 3912 555 3975 ad
569 3934 678 3977 veram
701 3913 838 4001 gloriam
854 3912 929 3986 itur,
951 3920 1081 3975 strenue
1104 3916 1255 3997 pergunt.

213 4023 401 4091 Scribebam
417 4021 536 4088 Gothae
551 4022 705 4089 Calendis
724 4023 854 4089 Martiis
873 4042 1069 4088 uoccxcrr.

822 4231 857 4298 r.
881 4233 922 4299 c.
946 4228 1168 4297 nonaum.
1232 4209 1236 4217 ”
