2872 4972
207 321 273 389 248
451 325 491 390 C.
515 321 750 390 venenu
774 322 1022 390 CATULLI

486 594 747 677 CARMEN
777 593 986 675 LXXVI.

616 782 664 829 ΔΙ)
680 783 721 830 SE
736 781 847 829 lesum.

291 905 333 970 Se
348 927 417 992 que
431 906 620 971 recordanti
635 906 809 971 benefacta
823 906 939 992 priore
953 901 1109 991 voluptas

338 1016 401 1081 En
418 1016 555 1100 homini,
570 1038 644 1082 cnm
660 1037 696 1082 ee
710 1017 838 1104 cogitat
850 1037 922 1080 esee
937 1013 1042 1101 pium,

293 1125 369 1191 Nec
381 1136 527 1192 sanctam
543 1127 687 1192 violasse
701 1126 812 1210 iidem,
824 1146 886 1190 nec
900 1124 1028 1191 t'oedere
1040 1126 1075 1189 in
1087 1122 1158 1188 ullo

336 1236 462 1301 Divum
477 1236 520 1302 ad
532 1235 695 1323 fallendos
710 1237 846 1301 numine
860 1238 1000 1301 abusum
1010 1233 1175 1298 homines:
1355 1320 1359 1327 Ι

292 1345 406 1411 Multa
421 1353 540 1433 parato
553 1354 687 1411 manent
701 1346 736 1411 in
747 1347 851 1435 longe
866 1354 976 1428 aetate,
986 1344 1136 1426 Catulle,
1235 1344 1255 1404 5

335 1456 392 1520 Ex
405 1456 467 1521 hoc
483 1456 614 1542 ingrato
626 1456 749 1544 gaudie
763 1479 877 1522 amore
892 1458 965 1524 tibi.

293 1566 383 1633 Nam
396 1588 607 1655 quaecunque
622 1567 773 1634 homines
797 1569 884 1633 bene
897 1565 1078 1655 quoiquam
1093 1570 1153 1630 aut
1166 1562 1214 1626 di-

377 1699 455 1753 cere
470 1685 622 1763 possunt,

335 1789 407 1852 Aut
421 1788 544 1872 facere,
561 1788 631 1853 haec
646 1811 666 1853 a
680 1796 714 1853 te
730 1788 884 1876 dictaque
899 1789 1055 1873 iactaque
1070 1791 1167 1860 sunt3

290 1896 413 1963 Omnia
425 1919 501 1985 qum
512 1896 650 1986 ingratae
660 1898 834 1986 perierunt
847 1896 976 1963 credita
990 1894 1103 1961 menti.

331 2008 447 2088 Quare
455 2012 527 2097 jam
543 2015 577 2073 tc
591 2029 651 2073 cur
665 2007 808 2095 emplius
825 2008 1018 2072 excrucies?
1217 2004 1255 2066 10

290 2119 432 2200 Quinte
447 2119 560 2184 animo
577 2120 744 2199 obfirmas,
760 2127 861 2206 teque
874 2118 972 2184 istinc
984 2138 1091 2205 usqne
1112 2115 1254 2197 reducis,

238 2310 278 2352 11.
295 2303 393 2359 Mirum,
402 2309 512 2365 qnantum
523 2304 547 2350 in
559 2304 604 2350 boc
615 2319 686 2352 vernn
696 2303 750 2350 iibri
763 2309 854 2351 veteres
865 2302 1010 2364 discrepent.
1041 2301 1129 2349 Stetine
1140 2317 1171 2350 ex
1183 2301 1253 2348 MSS.

203 2371 299 2434 profert,
309 2367 355 2422 Qut
367 2377 393 2415 tu
404 2369 477 2414 enimn
486 2365 589 2430 offirmas,
600 2376 667 2430 etque
677 2370 827 2430 instinctoqne
837 2369 925 2414 reducis
936 2386 943 2413 .·
960 2368 1022 2415 unde
1029 2366 1070 2414 ille
1080 2367 1254 2414 rescribendum

202 2441 278 2496 petet,
291 2433 354 2487 Quin
369 2441 398 2479 tn
416 2433 518 2478 animum
535 2430 640 2495 effrenae,
658 2441 725 2495 etque
741 2435 807 2480 istinc
817 2447 884 2495 ecque
898 2431 1133 2491 radone-Semper
1150 2437 1253 2494 veterem

204 2498 340 2559 scripturum
352 2512 405 2544 eece
416 2496 457 2552 eit,
470 2497 532 2551 Quin
544 2499 656 2544 trienninm
672 2495 778 2559 affirmes,
792 2504 858 2560 etque
868 2498 1018 2558 instructoque
1027 2497 1130 2543 reiecit:
1147 2496 1208 2541 unde
1219 2494 1253 2540 le·
1323 2531 1327 2534 .

206 2558 307 2625 gendum
323 2561 461 2621 suspicetur,
479 2560 541 2614 Quin
556 2570 582 2608 tu
595 2560 682 2608 animu’
692 2560 798 2625 (entique
815 2577 859 2621 pro
874 2559 987 2625 animum)
1006 2557 1102 2622 effrenae
1117 2561 1200 2620 itaque,
1217 2561 1253 2605 in-

202 2635 331 2688 eremoque
343 2625 595 2672 redacte-Theodoro
605 2625 715 2672 Mercilio
726 2627 833 2686 placebat
846 2624 908 2679 Quin
918 2634 944 2672 te
953 2627 1054 2672 animum
1062 2624 1162 2687 oifinnos
1171 2627 1254 2685 doque,

201 2692 228 2738 in
242 2704 367 2755 &empne
376 2689 572 2738 rednciei-Jeno
584 2689 714 2751 Meleagro,
722 2691 784 2744 Quin
794 2697 821 2736 tn
830 2693 932 2737 citimum
942 2689 1058 2752 deficerent
1068 2686 1204 2735 instructum
1218 2697 1253 2734 et-

202 2754 435 2818 peeatpneredeoiei
451 2753 475 2800 h.
487 2770 508 2801 e.
520 2754 639 2801 celerrime
654 2755 892 2810 retrahie.—Voseio,‘
904 2755 967 2808 Quin
982 2762 1009 2801 te
1027 2754 1128 2800 animem
1147 2750 1253 2814 offirmas,

201 2827 268 2882 anne
277 2820 345 2868 enne
357 2827 378 2866 te
388 2818 593 2866 reducet-edin.
604 2819 701 2865 Guerin.
713 2827 738 2866 et
745 2820 838 2879 Gryph.
849 2819 957 2873 offerunt,
965 2818 1028 2871 Quin
1035 2825 1057 2863 te
1065 2819 1139 2864 eninm
1145 2815 1262 2879 affinem„

201 2893 265 2946 teqree
278 2885 428 2944 instinctuque
438 2884 693 2939 adunet-Meretur,
702 2882 765 2940 Qnrn
781 2893 803 2930 te
816 2884 891 2930 enimc
906 2879 1014 2944 offinnce,
1030 2890 1092 2944 teque
1107 2883 1253 2945 astringitque

201 2947 419 3009 redonicae-Sed
432 2947 481 3007 jem
499 2948 548 2993 haec
568 2949 598 2995 ed
616 2962 727 2994 nauseam
745 2962 818 3009 unque
830 2948 894 2994 retis.
927 2949 1036 2994 Noetrem
1047 2947 1253 3008 lectionempheud

202 3018 266 3060 certe
275 3011 452 3068 incommodam,
463 3011 573 3060 exhibent
584 3012 652 3059 editt.
665 3012 810 3074 Repheleng.
821 3015 901 3059 Graev.
913 3011 1022 3058 Geetabr.
1029 3010 1138 3069 βοωπις.
1148 3010 1253 3071 Bipont„

201 3076 248 3125 nisi
257 3078 319 3137 quod
329 3073 425 3138 offinnce
431 3078 472 3187 pp.
483 3073 544 3138 not.)
556 3092 599 3137 pro
607 3073 705 3140 offinm
712 3077 819 3124 dedimus
829 3094 836 3136 ;
847 3083 870 3124 et
877 3077 913 3123 nic
923 3076 946 3123 ie
957 3075 998 3123 sn.
1010 3075 1065 3123 Itel.
1075 3075 1136 3123 XII.
1144 3077 1199 3123 668.
1209 3089 1252 3134 pro

201 3136 318 3206 offirmone
328 3155 381 3188 cem
389 3140 420 3187 N.
458 3138 531 3188 cincio
538 3140 663 3202 legendum
672 3140 767 3188 videtur
777 3138 897 3203 firmana

190 3296 194 3304 ·
232 3279 362 3338 Perspecto
374 3278 467 3326 berbin
478 3293 527 3326 enee
537 3278 608 3326 infido
626 3285 650 3326 et
667 3279 702 3326 in·
750 3280 802 3328 aliie
824 3281 1045 3343 meriton,megnem
1065 3279 1119 3325 vitm
1141 3282 1252 3326 enteectae

189 3353 192 3359 '
201 3356 269 3412 preto
288 3349 372 3408 animo,
383 3356 475 3413 repetet
492 3366 579 3407 aecem,
596 3366 665 3414 quem
678 3353 702 3399 ei
750 3353 912 3400 recordatione
928 3368 1011 3416 cepere
1024 3353 1251 3415 voluptetemsequi·

189 3422 347 3484 'peniteret
362 3421 480 3485 pietatem,
492 3422 628 3485 firmumque
638 3423 662 3470 in
674 3439 701 3471 ee
751 3426 805 3472 dem
823 3441 893 3473 senex
910 3425 966 3472 olim
983 3433 1093 3486 ceptnrue
1111 3440 1161 3472 sum
1179 3426 1254 3472 mexi-

198 3493 327 3554 reputenda
346 3500 450 3555 peretum
463 3493 507 3540 eibi
520 3494 626 3541 soletiern
648 3494 700 3542 eaeo
750 3512 819 3554 mem,
831 3497 860 3554 ei,
871 3497 962 3558 qualem
973 3513 1010 3544 me
1028 3513 1083 3560 erge
1095 3498 1206 3558 perfidem
1226 3505 1250 3543 et

200 3565 274 3613 videt.
307 3565 399 3612 Deinde
428 3581 573 3626 cummopere
601 3566 700 3614 animem
750 3570 862 3631 ingratam
881 3571 1027 3633 praebuerim,
1044 3571 1185 3617 recordatus-
1201 3570 1251 3617 iue-

200 3651 266 3684 euem
291 3636 411 3697 impellere
435 3638 521 3693 studet,
550 3643 575 3683 ut
597 3638 700 3699 longum,
750 3644 867 3689 ποθ’-Λᾶ
879 3659 940 3690 vere.
950 3642 973 3689 5.
989 3644 1110 3690 commode
1119 3643 1251 3689 laudeture

199 3724 268 3770 quem
289 3710 363 3756 edhuc
385 3709 522 3763 nutriverat,
543 3723 644 3756 amorem
663 3727 700 3758 re·
751 3717 824 3762 Statio
836 3716 894 3762 illud
907 3715 1058 3762 Pindaricum
1075 3716 1136 3775 epud
1156 3714 1250 3762 Platon.

199 3787 270 3842 pente
289 3797 350 3828 neno
370 3783 472 3842 deponet
488 3787 511 3827 et
529 3780 619 3842 ejiciet;
637 3784 700 3843 qnod
726 3785 730 3796 ’
750 3789 780 3835 de
798 3788 900 3849 Republ.
918 3788 938 3833 1.
957 3802 981 3847 p.
999 3790 1055 3836 574.
1072 3785 1123 3851 (ed.
1134 3783 1252 3846 Francos.)

199 3853 292 3914 quidem
313 3869 364 3899 cum
383 3854 453 3914 longe
474 3853 635 3901 difficillimum
647 3870 700 3902 enee
750 3857 770 3912 ὃς
786 3860 810 3905 ἂν
826 3856 909 3910 iineinc
922 3858 959 3905 eei
975 3856 1036 3912 ὁσίως
1046 3857 1080 3906 τὸν
1096 3858 1138 3910 βίον
1150 3858 1250 3920 διαγάγῃ,

198 3925 272 3986 probe
294 3924 444 3986 intelligeret,
466 3927 561 3972 deorum
585 3928 613 3972 ed
641 3928 698 3973 hanc
750 3930 1252 3995 ynneeieoiengileneirireinnoocayn'pergipec

198 4013 246 4044 rern
259 3997 363 4059 gnaviter
374 3998 553 4058 pervincendem
567 3999 614 4046 eibi
627 4014 699 4059 expe·
750 4003 841 4065 ξυναορεῖ
849 4001 919 4057 ἐλπὶς,
929 4002 944 4048 ἃ
956 4005 1063 4063 μάλιστα
1080 4002 1159 4051 θνατῶν
1175 4002 1247 4049 πολύ-

197 4068 226 4116 tit
237 4069 357 4116 auxilium.
751 4084 840 4134 erpoper
852 4077 938 4134 γνώμαν
947 4073 1040 4136 κυβερνᾷ.

234 4141 698 4204 1—6.Vulgerie,quemexornavitpo'e'·
782 4149 804 4192 9.
830 4145 950 4192 Perierunt
981 4148 1065 4193 credito
1090 4162 1132 4206 pro
1158 4146 1249 4207 vulgari

198 4221 230 4268 te,
242 4214 355 4262 sententie
366 4222 402 4262 eet
413 4217 459 4262 iere
472 4216 535 4262 hmo:
553 4222 569 4244 ‘⁴
580 4215 605 4262 si
618 4231 698 4262 verum
749 4223 764 4245 ¹‘
776 4219 860 4264 frustra
871 4218 959 4264 credite
972 4219 1022 4265 sive
1033 4219 1119 4265 tributa
1131 4217 1207 4264 senff

197 4295 241 4344 eet,
255 4287 430 4350 lmminerpios,
443 4288 544 4350 integros
557 4296 580 4336 et
595 4290 653 4337 bene
668 4289 698 4337 de
783 4294 822 4337 11.
850 4290 911 4346 Quin
932 4299 953 4338 te
978 4294 1051 4339 animo
1072 4291 1188 4352 oinjicnzes:
1214 4291 1249 4337 ob-
