<?xml version="1.0" encoding="UTF-8"?>
<!DOCTYPE html PUBLIC "-//W3C//DTD XHTML 1.0 Transitional//EN"
    "http://www.w3.org/TR/xhtml1/DTD/xhtml1-transitional.dtd">
<html xmlns="http://www.w3.org/1999/xhtml" xml:lang="en" lang="en">
 <head>
  <title>
</title>
<meta http-equiv="Content-Type" content="text/html;charset=utf-8" />
  <meta name='ocr-system' content='tesseract 3.04.00' />
  <meta name='ocr-capabilities' content='ocr_page ocr_carea ocr_par ocr_line ocrx_word'/>
</head>
<body>
  <div class='ocr_page' id='page_1' title='image "./cvaleriicatulli00handgoog_0118.png"; bbox 0 0 2872 4972; ppageno 0'>
   <div class='ocr_carea' id='block_1_1' title="bbox 474 345 936 417">
    <p class='ocr_par' dir='ltr' id='par_1_1' title="bbox 474 345 936 417">
     <span class='ocr_line' id='line_1_1' title="bbox 474 345 936 417; baseline 0.004 -2"><span class='ocrx_word' id='word_1_1' title='bbox 474 345 710 415; x_wconf 81' lang='lat' dir='ltr'><strong>CARMEN</strong></span> <span class='ocrx_word' id='word_1_2' title='bbox 744 345 936 417; x_wconf 87' lang='lat' dir='ltr'>XXXVI.</span> 
     </span>
    </p>
   </div>
   <div class='ocr_carea' id='block_1_2' title="bbox 305 529 973 1502">
    <p class='ocr_par' dir='ltr' id='par_1_2' title="bbox 306 529 973 951">
     <span class='ocr_line' id='line_1_2' title="bbox 306 529 931 619; baseline -0.002 -20"><span class='ocrx_word' id='word_1_3' title='bbox 306 529 398 599; x_wconf 87' lang='lat' dir='ltr'>Nam</span> <span class='ocrx_word' id='word_1_4' title='bbox 414 538 537 598; x_wconf 73' lang='lat' dir='ltr'>sanctie</span> <span class='ocrx_word' id='word_1_5' title='bbox 548 529 688 611; x_wconf 87' lang='lat' dir='ltr'>Veneri,</span> <span class='ocrx_word' id='word_1_6' title='bbox 701 529 931 619; x_wconf 80' lang='lat' dir='ltr'>Cupidinique</span> 
     </span>
     <span class='ocr_line' id='line_1_3' title="bbox 307 640 873 726; baseline 0 -19"><span class='ocrx_word' id='word_1_7' title='bbox 307 640 424 726; x_wconf 80' lang='lat' dir='ltr'>Vovit,</span> <span class='ocrx_word' id='word_1_8' title='bbox 438 642 468 707; x_wconf 83' lang='lat' dir='ltr'>si</span> <span class='ocrx_word' id='word_1_9' title='bbox 483 642 547 709; x_wconf 90' lang='lat' dir='ltr'>eibi</span> <span class='ocrx_word' id='word_1_10' title='bbox 561 641 736 709; x_wconf 83' lang='lat' dir='ltr'>restitutus</span> <span class='ocrx_word' id='word_1_11' title='bbox 754 663 873 721; x_wconf 82' lang='lat' dir='ltr'>essem,</span> 
     </span>
     <span class='ocr_line' id='line_1_4' title="bbox 306 751 973 841; baseline 0 -23"><span class='ocrx_word' id='word_1_12' title='bbox 306 753 546 841; x_wconf 86' lang='lat' dir='ltr'>Desissemque</span> <span class='ocrx_word' id='word_1_13' title='bbox 561 761 673 819; x_wconf 82' lang='lat' dir='ltr'>truces</span> <span class='ocrx_word' id='word_1_14' title='bbox 688 751 820 818; x_wconf 84' lang='lat' dir='ltr'>vibrare</span> <span class='ocrx_word' id='word_1_15' title='bbox 835 751 973 833; x_wconf 87' lang='lat' dir='ltr'>iambos,</span> 
     </span>
     <span class='ocr_line' id='line_1_5' title="bbox 306 862 799 951; baseline 0.002 -23"><span class='ocrx_word' id='word_1_16' title='bbox 306 862 519 929; x_wconf 84' lang='lat' dir='ltr'>Electissima</span> <span class='ocrx_word' id='word_1_17' title='bbox 540 863 674 951; x_wconf 84' lang='lat' dir='ltr'>pessimi</span> <span class='ocrx_word' id='word_1_18' title='bbox 690 867 799 950; x_wconf 77' lang='lat' dir='ltr'>poi&#39;tae</span> 
     </span>
    </p>

    <p class='ocr_par' dir='ltr' id='par_1_3' title="bbox 307 972 887 1170">
     <span class='ocr_line' id='line_1_6' title="bbox 308 972 887 1060; baseline 0 -21"><span class='ocrx_word' id='word_1_19' title='bbox 308 973 442 1060; x_wconf 87' lang='lat' dir='ltr'>Scripta</span> <span class='ocrx_word' id='word_1_20' title='bbox 455 972 623 1060; x_wconf 83' lang='lat' dir='ltr'>tardipedi</span> <span class='ocrx_word' id='word_1_21' title='bbox 639 973 717 1038; x_wconf 91' lang='lat' dir='ltr'>Deo</span> <span class='ocrx_word' id='word_1_22' title='bbox 732 972 887 1039; x_wconf 85' lang='lat' dir='ltr'>daturam</span> 
     </span>
     <span class='ocr_line' id='line_1_7' title="bbox 307 1082 841 1170; baseline 0.002 -21"><span class='ocrx_word' id='word_1_23' title='bbox 307 1083 503 1151; x_wconf 84' lang='lat' dir='ltr'>Infelicibue</span> <span class='ocrx_word' id='word_1_24' title='bbox 527 1082 705 1149; x_wconf 83' lang='lat' dir='ltr'>ustulanda</span> <span class='ocrx_word' id='word_1_25' title='bbox 719 1083 841 1170; x_wconf 84' lang='lat' dir='ltr'>lignis:</span> 
     </span>
    </p>

    <p class='ocr_par' dir='ltr' id='par_1_4' title="bbox 305 1193 874 1502">
     <span class='ocr_line' id='line_1_8' title="bbox 305 1193 874 1282; baseline 0 -22"><span class='ocrx_word' id='word_1_26' title='bbox 305 1195 353 1260; x_wconf 79' lang='lat' dir='ltr'>Et</span> <span class='ocrx_word' id='word_1_27' title='bbox 367 1196 437 1260; x_wconf 87' lang='lat' dir='ltr'>haec</span> <span class='ocrx_word' id='word_1_28' title='bbox 451 1195 593 1282; x_wconf 84' lang='lat' dir='ltr'>pessima</span> <span class='ocrx_word' id='word_1_29' title='bbox 608 1216 644 1261; x_wconf 84' lang='lat' dir='ltr'>se</span> <span class='ocrx_word' id='word_1_30' title='bbox 658 1193 774 1281; x_wconf 86' lang='lat' dir='ltr'>puella</span> <span class='ocrx_word' id='word_1_31' title='bbox 789 1194 874 1260; x_wconf 88' lang='lat' dir='ltr'>vidit</span> 
     </span>
     <span class='ocr_line' id='line_1_9' title="bbox 305 1303 873 1390; baseline 0.002 -21"><span class='ocrx_word' id='word_1_32' title='bbox 305 1304 431 1370; x_wconf 84' lang='lat' dir='ltr'>Jocose</span> <span class='ocrx_word' id='word_1_33' title='bbox 447 1313 481 1369; x_wconf 89' lang='lat' dir='ltr'>ct</span> <span class='ocrx_word' id='word_1_34' title='bbox 495 1303 608 1390; x_wconf 89' lang='lat' dir='ltr'>lepide</span> <span class='ocrx_word' id='word_1_35' title='bbox 625 1325 747 1369; x_wconf 84' lang='lat' dir='ltr'>vovere</span> <span class='ocrx_word' id='word_1_36' title='bbox 762 1304 873 1371; x_wconf 73' lang='lat' dir='ltr'>Divis,</span> 
     </span>
     <span class='ocr_line' id='line_1_10' title="bbox 305 1415 872 1502; baseline -0.002 -21"><span class='ocrx_word' id='word_1_37' title='bbox 305 1416 422 1500; x_wconf 83' lang='lat' dir='ltr'>Nunc,</span> <span class='ocrx_word' id='word_1_38' title='bbox 435 1438 455 1482; x_wconf 95' lang='lat' dir='ltr'>o</span> <span class='ocrx_word' id='word_1_39' title='bbox 469 1415 615 1481; x_wconf 84' lang='lat' dir='ltr'>caeruleo</span> <span class='ocrx_word' id='word_1_40' title='bbox 629 1422 743 1481; x_wconf 87' lang='lat' dir='ltr'>creata</span> <span class='ocrx_word' id='word_1_41' title='bbox 757 1424 872 1502; x_wconf 87' lang='lat' dir='ltr'>ponto,</span> 
     </span>
    </p>
   </div>
   <div class='ocr_carea' id='block_1_3' title="bbox 208 1601 622 1778">
    <p class='ocr_par' dir='ltr' id='par_1_5' title="bbox 208 1601 622 1778">
     <span class='ocr_line' id='line_1_11' title="bbox 208 1601 504 1655; baseline -0.01 -3"><span class='ocrx_word' id='word_1_42' title='bbox 208 1609 234 1655; x_wconf 80' lang='grc'>3.</span> <span class='ocrx_word' id='word_1_43' title='bbox 250 1603 330 1651; x_wconf 64' lang='lat' dir='ltr'>Senem</span> <span class='ocrx_word' id='word_1_44' title='bbox 342 1601 421 1651; x_wconf 74' lang='lat' dir='ltr'>Lirim</span> <span class='ocrx_word' id='word_1_45' title='bbox 432 1602 504 1655; x_wconf 79' lang='lat' dir='ltr'>malel</span> 
     </span>
     <span class='ocr_line' id='line_1_12' title="bbox 208 1667 622 1778; baseline -0.012 -59"><span class='ocrx_word' id='word_1_46' title='bbox 208 1674 232 1719; x_wconf 88' lang='lat'>9.</span> <span class='ocrx_word' id='word_1_47' title='bbox 248 1669 278 1716; x_wconf 83' lang='lat' dir='ltr'>Et</span> <span class='ocrx_word' id='word_1_48' title='bbox 289 1668 329 1717; x_wconf 84' lang='lat' dir='ltr'>boe</span> <span class='ocrx_word' id='word_1_49' title='bbox 339 1669 422 1716; x_wconf 76' lang='lat' dir='ltr'>Vanet.</span> <span class='ocrx_word' id='word_1_50' title='bbox 434 1667 524 1778; x_wconf 49' lang='lat' dir='ltr'>Grppb.</span> <span class='ocrx_word' id='word_1_51' title='bbox 534 1667 622 1714; x_wconf 84' lang='lat' dir='ltr'>Moret.</span> 
     </span>
    </p>
   </div>
   <div class='ocr_carea' id='block_1_4' title="bbox 171 1731 1231 1990">
    <p class='ocr_par' dir='ltr' id='par_1_6' title="bbox 171 1731 1231 1990">
     <span class='ocr_line' id='line_1_13' title="bbox 208 1731 1231 1795; baseline 0 -13"><span class='ocrx_word' id='word_1_52' title='bbox 208 1740 248 1782; x_wconf 89' lang='grc'>10.</span> <span class='ocrx_word' id='word_1_53' title='bbox 264 1733 347 1789; x_wconf 73' lang='lat' dir='ltr'>Iocone,</span> <span class='ocrx_word' id='word_1_54' title='bbox 359 1732 429 1793; x_wconf 77' lang='lat' dir='ltr'>lepide</span> <span class='ocrx_word' id='word_1_55' title='bbox 438 1733 469 1778; x_wconf 85' lang='lat' dir='ltr'>So</span> <span class='ocrx_word' id='word_1_56' title='bbox 493 1731 525 1792; x_wconf 79' lang='lat' dir='ltr'>ig.</span> <span class='ocrx_word' id='word_1_57' title='bbox 537 1733 563 1778; x_wconf 89' lang='lat' dir='ltr'>L.</span> <span class='ocrx_word' id='word_1_58' title='bbox 574 1732 627 1778; x_wconf 86' lang='lat' dir='ltr'>MS.</span> <span class='ocrx_word' id='word_1_59' title='bbox 639 1736 663 1777; x_wconf 86' lang='lat' dir='ltr'>et</span> <span class='ocrx_word' id='word_1_60' title='bbox 671 1746 750 1779; x_wconf 82' lang='lat' dir='ltr'>ornnes</span> <span class='ocrx_word' id='word_1_61' title='bbox 758 1732 893 1794; x_wconf 83' lang='lat' dir='ltr'>Statii.joeo</span> <span class='ocrx_word' id='word_1_62' title='bbox 902 1746 924 1778; x_wconf 79' lang='lat' dir='ltr'>aa</span> <span class='ocrx_word' id='word_1_63' title='bbox 932 1731 1040 1789; x_wconf 84' lang='lat' dir='ltr'>Vossius,</span> <span class='ocrx_word' id='word_1_64' title='bbox 1050 1748 1119 1794; x_wconf 82' lang='lat' dir='ltr'>quein</span> <span class='ocrx_word' id='word_1_65' title='bbox 1130 1747 1231 1795; x_wconf 73' lang='grc'><strong>666666·</strong></span> 
     </span>
     <span class='ocr_line' id='line_1_14' title="bbox 175 1796 1230 1858; baseline 0 -11"><span class='ocrx_word' id='word_1_66' title='bbox 175 1806 216 1848; x_wconf 88' lang='lat' dir='ltr'>tur</span> <span class='ocrx_word' id='word_1_67' title='bbox 227 1800 294 1846; x_wconf 82' lang='lat' dir='ltr'>editt.</span> <span class='ocrx_word' id='word_1_68' title='bbox 305 1798 447 1845; x_wconf 83' lang='lat' dir='ltr'>recentiores</span> <span class='ocrx_word' id='word_1_69' title='bbox 458 1796 577 1857; x_wconf 77' lang='lat' dir='ltr'>Goetting.</span> <span class='ocrx_word' id='word_1_70' title='bbox 591 1798 684 1856; x_wconf 88' lang='lat' dir='ltr'>Bipont.</span> <span class='ocrx_word' id='word_1_71' title='bbox 697 1796 738 1843; x_wconf 85' lang='lat' dir='ltr'>ned</span> <span class='ocrx_word' id='word_1_72' title='bbox 750 1797 785 1843; x_wconf 87' lang='lat' dir='ltr'>sio</span> <span class='ocrx_word' id='word_1_73' title='bbox 797 1798 897 1844; x_wconf 84' lang='lat' dir='ltr'>otiosum</span> <span class='ocrx_word' id='word_1_74' title='bbox 908 1796 977 1858; x_wconf 85' lang='lat' dir='ltr'>plane</span> <span class='ocrx_word' id='word_1_75' title='bbox 988 1805 1026 1844; x_wconf 79' lang='lat' dir='ltr'>ent</span> <span class='ocrx_word' id='word_1_76' title='bbox 1035 1813 1056 1844; x_wconf 81' lang='lat' dir='ltr'>se</span> <span class='ocrx_word' id='word_1_77' title='bbox 1072 1799 1095 1845; x_wconf 92' lang='lat' dir='ltr'>in</span> <span class='ocrx_word' id='word_1_78' title='bbox 1105 1813 1175 1847; x_wconf 81' lang='lat' dir='ltr'>versu</span> <span class='ocrx_word' id='word_1_79' title='bbox 1189 1814 1230 1847; x_wconf 77' lang='lat' dir='ltr'>an·</span> 
     </span>
     <span class='ocr_line' id='line_1_15' title="bbox 171 1860 1229 1923; baseline -0.001 -11"><span class='ocrx_word' id='word_1_80' title='bbox 171 1865 302 1912; x_wconf 86' lang='lat' dir='ltr'>teoedenti.</span> <span class='ocrx_word' id='word_1_81' title='bbox 333 1864 452 1910; x_wconf 84' lang='lat' dir='ltr'>Lubenter</span> <span class='ocrx_word' id='word_1_82' title='bbox 467 1860 540 1921; x_wconf 83' lang='lat' dir='ltr'>igitur</span> <span class='ocrx_word' id='word_1_83' title='bbox 556 1861 726 1921; x_wconf 80' lang='lat' dir='ltr'>acquiescimus</span> <span class='ocrx_word' id='word_1_84' title='bbox 744 1862 768 1908; x_wconf 89' lang='lat' dir='ltr'>in</span> <span class='ocrx_word' id='word_1_85' title='bbox 786 1863 888 1923; x_wconf 77' lang='lat' dir='ltr'>vulgata,</span> <span class='ocrx_word' id='word_1_86' title='bbox 905 1877 972 1922; x_wconf 85' lang='lat' dir='ltr'>quam</span> <span class='ocrx_word' id='word_1_87' title='bbox 989 1862 1106 1918; x_wconf 84' lang='lat' dir='ltr'>dedimus,</span> <span class='ocrx_word' id='word_1_88' title='bbox 1123 1879 1155 1911; x_wconf 83' lang='lat' dir='ltr'>ex</span> <span class='ocrx_word' id='word_1_89' title='bbox 1170 1864 1229 1912; x_wconf 82' lang='lat' dir='ltr'>edit.</span> 
     </span>
     <span class='ocr_line' id='line_1_16' title="bbox 171 1924 1231 1990; baseline 0.001 -15"><span class='ocrx_word' id='word_1_90' title='bbox 171 1930 266 1990; x_wconf 70' lang='lat' dir='ltr'>Gryph.</span> <span class='ocrx_word' id='word_1_91' title='bbox 277 1930 364 1975; x_wconf 79' lang='lat' dir='ltr'>Mutet.</span> <span class='ocrx_word' id='word_1_92' title='bbox 375 1932 400 1973; x_wconf 88' lang='lat' dir='ltr'>et</span> <span class='ocrx_word' id='word_1_93' title='bbox 414 1925 467 1972; x_wconf 76' lang='lat' dir='ltr'>aliie</span> <span class='ocrx_word' id='word_1_94' title='bbox 477 1924 654 1986; x_wconf 81' lang='lat' dir='ltr'>antiquioribus.</span> <span class='ocrx_word' id='word_1_95' title='bbox 672 1926 792 1974; x_wconf 72' lang='lat' dir='ltr'>blainum</span> <span class='ocrx_word' id='word_1_96' title='bbox 808 1935 856 1974; x_wconf 91' lang='lat' dir='ltr'>not.</span> <span class='ocrx_word' id='word_1_97' title='bbox 873 1927 902 1973; x_wconf 83' lang='lat' dir='ltr'>ad</span> <span class='ocrx_word' id='word_1_98' title='bbox 916 1927 1003 1974; x_wconf 80' lang='lat' dir='ltr'>catull.</span> <span class='ocrx_word' id='word_1_99' title='bbox 1020 1927 1109 1975; x_wconf 83' lang='lat' dir='ltr'>mavult</span> <span class='ocrx_word' id='word_1_100' title='bbox 1122 1926 1178 1976; x_wconf 74' lang='lat' dir='ltr'>loon</span> <span class='ocrx_word' id='word_1_101' title='bbox 1192 1929 1231 1976; x_wconf 76' lang='lat' dir='ltr'>sed</span> 
     </span>
    </p>
   </div>
   <div class='ocr_carea' id='block_1_5' title="bbox 176 1989 482 2054">
    <p class='ocr_par' dir='ltr' id='par_1_7' title="bbox 176 1989 482 2054">
     <span class='ocr_line' id='line_1_17' title="bbox 176 1989 482 2054; baseline -0.023 -12"><span class='ocrx_word' id='word_1_102' title='bbox 176 1995 256 2054; x_wconf 73' lang='lat' dir='ltr'>lepido,</span> <span class='ocrx_word' id='word_1_103' title='bbox 267 2008 348 2054; x_wconf 89' lang='lat' dir='ltr'>parum</span> <span class='ocrx_word' id='word_1_104' title='bbox 360 1989 482 2038; x_wconf 78' lang='lat' dir='ltr'>concinne!</span> 
     </span>
    </p>
   </div>
   <div class='ocr_carea' id='block_1_6' title="bbox 174 2143 680 4388">
    <p class='ocr_par' dir='ltr' id='par_1_8' title="bbox 174 2143 679 2559">
     <span class='ocr_line' id='line_1_18' title="bbox 209 2143 677 2195; baseline -0.013 0"><span class='ocrx_word' id='word_1_105' title='bbox 209 2150 234 2195; x_wconf 80' lang='lat'>3.</span> <span class='ocrx_word' id='word_1_106' title='bbox 244 2147 332 2194; x_wconf 78' lang='lat' dir='ltr'>Sancte</span> <span class='ocrx_word' id='word_1_107' title='bbox 345 2144 432 2192; x_wconf 78' lang='lat' dir='ltr'>Veneri.</span> <span class='ocrx_word' id='word_1_108' title='bbox 449 2143 483 2189; x_wconf 81' lang='lat' dir='ltr'>sio</span> <span class='ocrx_word' id='word_1_109' title='bbox 502 2143 561 2189; x_wconf 83' lang='lat' dir='ltr'>inlrs</span> <span class='ocrx_word' id='word_1_110' title='bbox 580 2149 677 2190; x_wconf 85' lang='lat' dir='ltr'>vocatur</span> 
     </span>
     <span class='ocr_line' id='line_1_19' title="bbox 177 2215 679 2266; baseline -0.01 0"><span class='ocrx_word' id='word_1_111' title='bbox 177 2220 257 2266; x_wconf 86' lang='lat' dir='ltr'>Venus</span> <span class='ocrx_word' id='word_1_112' title='bbox 274 2226 354 2265; x_wconf 82' lang='lat' dir='ltr'>sanctu</span> <span class='ocrx_word' id='word_1_113' title='bbox 371 2217 450 2263; x_wconf 85' lang='lat' dir='ltr'>(larm.</span> <span class='ocrx_word' id='word_1_114' title='bbox 468 2215 590 2262; x_wconf 82' lang='lat' dir='ltr'>LXVIII.</span> <span class='ocrx_word' id='word_1_115' title='bbox 606 2216 631 2263; x_wconf 87' lang='grc'>5.</span> <span class='ocrx_word' id='word_1_116' title='bbox 655 2220 679 2262; x_wconf 86' lang='grc'>61</span> 
     </span>
     <span class='ocr_line' id='line_1_20' title="bbox 175 2287 678 2354; baseline -0.016 -16"><span class='ocrx_word' id='word_1_117' title='bbox 175 2291 228 2354; x_wconf 85' lang='lat' dir='ltr'>ipse</span> <span class='ocrx_word' id='word_1_118' title='bbox 238 2291 331 2352; x_wconf 83' lang='lat' dir='ltr'>Cupido</span> <span class='ocrx_word' id='word_1_119' title='bbox 343 2297 433 2337; x_wconf 76' lang='lat' dir='ltr'>sonetur</span> <span class='ocrx_word' id='word_1_120' title='bbox 443 2289 521 2334; x_wconf 78' lang='lat' dir='ltr'>Carnu.</span> <span class='ocrx_word' id='word_1_121' title='bbox 533 2287 624 2333; x_wconf 87' lang='lat' dir='ltr'>LXIV.</span> <span class='ocrx_word' id='word_1_122' title='bbox 638 2288 678 2336; x_wconf 87' lang='lat'>95.</span> 
     </span>
     <span class='ocr_line' id='line_1_21' title="bbox 177 2359 678 2411; baseline -0.008 -1"><span class='ocrx_word' id='word_1_123' title='bbox 177 2365 208 2411; x_wconf 81' lang='lat' dir='ltr'>cf.</span> <span class='ocrx_word' id='word_1_124' title='bbox 220 2363 370 2410; x_wconf 82' lang='lat' dir='ltr'>Brouoltbus.</span> <span class='ocrx_word' id='word_1_125' title='bbox 386 2361 414 2407; x_wconf 87' lang='lat' dir='ltr'>ad</span> <span class='ocrx_word' id='word_1_126' title='bbox 427 2359 514 2407; x_wconf 86' lang='lat' dir='ltr'>Tibull.</span> <span class='ocrx_word' id='word_1_127' title='bbox 530 2360 575 2406; x_wconf 88' lang='lat' dir='ltr'>IV.</span> <span class='ocrx_word' id='word_1_128' title='bbox 587 2363 626 2406; x_wconf 88' lang='grc'>13.</span> <span class='ocrx_word' id='word_1_129' title='bbox 638 2362 678 2408; x_wconf 72' lang='grc'>13.</span> 
     </span>
     <span class='ocr_line' id='line_1_22' title="bbox 174 2431 678 2491; baseline -0.01 -7"><span class='ocrx_word' id='word_1_130' title='bbox 174 2434 303 2491; x_wconf 71' lang='grc'><strong>1661116161,</strong></span> <span class='ocrx_word' id='word_1_131' title='bbox 312 2437 336 2482; x_wconf 87' lang='lat' dir='ltr'>b.</span> <span class='ocrx_word' id='word_1_132' title='bbox 346 2452 367 2482; x_wconf 85' lang='lat' dir='ltr'>e.</span> <span class='ocrx_word' id='word_1_133' title='bbox 384 2431 678 2488; x_wconf 81' lang='lat' dir='ltr'>reconciliatus,redditus.</span> 
     </span>
     <span class='ocr_line' id='line_1_23' title="bbox 174 2499 395 2559; baseline -0.023 -1"><span class='ocrx_word' id='word_1_134' title='bbox 174 2499 395 2559; x_wconf 62' lang='grc'><strong>6116666114.</strong></span> 
     </span>
    </p>

    <p class='ocr_par' dir='ltr' id='par_1_9' title="bbox 175 2577 680 4388">
     <span class='ocr_line' id='line_1_24' title="bbox 208 2577 680 2638; baseline -0.019 -6"><span class='ocrx_word' id='word_1_135' title='bbox 208 2585 298 2632; x_wconf 83' lang='lat'>5-11.</span> <span class='ocrx_word' id='word_1_136' title='bbox 313 2581 380 2628; x_wconf 80' lang='lat' dir='ltr'>Troe.</span> <span class='ocrx_word' id='word_1_137' title='bbox 398 2581 455 2627; x_wconf 80' lang='lat' dir='ltr'>nibr.</span> <span class='ocrx_word' id='word_1_138' title='bbox 475 2578 542 2626; x_wconf 82' lang='lat' dir='ltr'>iamb.</span> <span class='ocrx_word' id='word_1_139' title='bbox 561 2577 680 2638; x_wconf 74' lang='lat' dir='ltr'>eleganter</span> 
     </span>
     <span class='ocr_line' id='line_1_25' title="bbox 178 2651 680 2709; baseline -0.016 -4"><span class='ocrx_word' id='word_1_140' title='bbox 178 2658 246 2705; x_wconf 84' lang='lat' dir='ltr'>iambi</span> <span class='ocrx_word' id='word_1_141' title='bbox 256 2656 369 2703; x_wconf 87' lang='lat' dir='ltr'>dicantur</span> <span class='ocrx_word' id='word_1_142' title='bbox 384 2662 467 2709; x_wconf 78' lang='lat' dir='ltr'>truces,</span> <span class='ocrx_word' id='word_1_143' title='bbox 484 2652 508 2699; x_wconf 86' lang='lat' dir='ltr'>b.</span> <span class='ocrx_word' id='word_1_144' title='bbox 520 2668 542 2699; x_wconf 88' lang='grc'>6.</span> <span class='ocrx_word' id='word_1_145' title='bbox 562 2651 680 2698; x_wconf 81' lang='lat' dir='ltr'>terribiles</span> 
     </span>
     <span class='ocr_line' id='line_1_26' title="bbox 176 2724 679 2785; baseline -0.016 -7"><span class='ocrx_word' id='word_1_146' title='bbox 176 2736 201 2777; x_wconf 88' lang='lat' dir='ltr'>et</span> <span class='ocrx_word' id='word_1_147' title='bbox 208 2730 317 2785; x_wconf 84' lang='lat' dir='ltr'>minaces,</span> <span class='ocrx_word' id='word_1_148' title='bbox 327 2728 357 2773; x_wconf 94' lang='lat' dir='ltr'>ob</span> <span class='ocrx_word' id='word_1_149' title='bbox 366 2725 491 2773; x_wconf 87' lang='lat' dir='ltr'>timendam</span> <span class='ocrx_word' id='word_1_150' title='bbox 500 2724 554 2772; x_wconf 91' lang='lat' dir='ltr'>iude</span> <span class='ocrx_word' id='word_1_151' title='bbox 561 2731 679 2771; x_wconf 89' lang='lat' dir='ltr'>contume-</span> 
     </span>
     <span class='ocr_line' id='line_1_27' title="bbox 175 2795 678 2850; baseline -0.016 -1"><span class='ocrx_word' id='word_1_152' title='bbox 175 2798 240 2850; x_wconf 79' lang='lat' dir='ltr'>lium.</span> <span class='ocrx_word' id='word_1_153' title='bbox 268 2799 438 2848; x_wconf 71' lang='lat' dir='ltr'>Contumeliosus</span> <span class='ocrx_word' id='word_1_154' title='bbox 449 2803 519 2844; x_wconf 84' lang='lat' dir='ltr'>vocat</span> <span class='ocrx_word' id='word_1_155' title='bbox 530 2797 554 2843; x_wconf 87' lang='lat' dir='ltr'>H</span> <span class='ocrx_word' id='word_1_156' title='bbox 557 2811 590 2843; x_wconf 88' lang='lat' dir='ltr'>or.</span> <span class='ocrx_word' id='word_1_157' title='bbox 600 2795 647 2842; x_wconf 88' lang='lat' dir='ltr'>Od.</span> <span class='ocrx_word' id='word_1_158' title='bbox 658 2795 678 2842; x_wconf 93' lang='lat' dir='ltr'>I.</span> 
     </span>
     <span class='ocr_line' id='line_1_28' title="bbox 179 2868 680 2933; baseline -0.018 -11"><span class='ocrx_word' id='word_1_159' title='bbox 179 2879 219 2923; x_wconf 93' lang='grc'>16.</span> <span class='ocrx_word' id='word_1_160' title='bbox 230 2879 254 2924; x_wconf 73' lang='lat'>2.</span> <span class='ocrx_word' id='word_1_161' title='bbox 265 2877 295 2922; x_wconf 87' lang='lat' dir='ltr'>(le</span> <span class='ocrx_word' id='word_1_162' title='bbox 312 2887 410 2933; x_wconf 88' lang='lat' dir='ltr'>quorum</span> <span class='ocrx_word' id='word_1_163' title='bbox 427 2871 557 2925; x_wconf 80' lang='lat' dir='ltr'>inventore,</span> <span class='ocrx_word' id='word_1_164' title='bbox 573 2868 680 2916; x_wconf 81' lang='lat' dir='ltr'>Archilo-</span> 
     </span>
     <span class='ocr_line' id='line_1_29' title="bbox 175 2941 678 3008; baseline -0.016 -12"><span class='ocrx_word' id='word_1_165' title='bbox 175 2949 231 3008; x_wconf 87' lang='lat' dir='ltr'>cho,</span> <span class='ocrx_word' id='word_1_166' title='bbox 254 2947 353 2994; x_wconf 83' lang='lat' dir='ltr'>eundem</span> <span class='ocrx_word' id='word_1_167' title='bbox 371 2944 420 2992; x_wconf 86' lang='lat' dir='ltr'>vid.</span> <span class='ocrx_word' id='word_1_168' title='bbox 432 2943 483 2989; x_wconf 85' lang='lat' dir='ltr'>Art.</span> <span class='ocrx_word' id='word_1_169' title='bbox 501 2942 570 2989; x_wconf 68' lang='lat' dir='ltr'>Poit.</span> <span class='ocrx_word' id='word_1_170' title='bbox 588 2941 617 2988; x_wconf 90' lang='lat' dir='ltr'>V.</span> <span class='ocrx_word' id='word_1_171' title='bbox 638 2943 678 2988; x_wconf 78' lang='lat'>79.</span> 
     </span>
     <span class='ocr_line' id='line_1_30' title="bbox 176 3013 678 3078; baseline -0.02 -10"><span class='ocrx_word' id='word_1_172' title='bbox 176 3020 260 3068; x_wconf 86' lang='lat' dir='ltr'>iambis</span> <span class='ocrx_word' id='word_1_173' title='bbox 296 3024 373 3068; x_wconf 82' lang='lat' dir='ltr'>autem</span> <span class='ocrx_word' id='word_1_174' title='bbox 401 3014 539 3078; x_wconf 89' lang='lat' dir='ltr'>plerumque</span> <span class='ocrx_word' id='word_1_175' title='bbox 566 3013 678 3074; x_wconf 86' lang='lat' dir='ltr'>deinceps</span> 
     </span>
     <span class='ocr_line' id='line_1_31' title="bbox 177 3083 679 3156; baseline -0.02 -16"><span class='ocrx_word' id='word_1_176' title='bbox 177 3094 303 3156; x_wconf 84' lang='lat' dir='ltr'>scriptores</span> <span class='ocrx_word' id='word_1_177' title='bbox 313 3091 343 3137; x_wconf 86' lang='lat' dir='ltr'>ad</span> <span class='ocrx_word' id='word_1_178' title='bbox 354 3093 445 3148; x_wconf 82' lang='lat' dir='ltr'>netyras</span> <span class='ocrx_word' id='word_1_179' title='bbox 456 3083 679 3133; x_wconf 69' lang='lat' dir='ltr'>conscribendarum</span> 
     </span>
     <span class='ocr_line' id='line_1_32' title="bbox 176 3157 678 3224; baseline -0.018 -11"><span class='ocrx_word' id='word_1_180' title='bbox 176 3172 230 3212; x_wconf 87' lang='lat' dir='ltr'>snut</span> <span class='ocrx_word' id='word_1_181' title='bbox 238 3180 245 3222; x_wconf 91' lang='lat'>;</span> <span class='ocrx_word' id='word_1_182' title='bbox 254 3164 308 3210; x_wconf 88' lang='lat' dir='ltr'>binc</span> <span class='ocrx_word' id='word_1_183' title='bbox 320 3158 429 3224; x_wconf 68' lang='grc' dir='ltr'>ἰαμβίζειν</span> <span class='ocrx_word' id='word_1_184' title='bbox 445 3160 509 3221; x_wconf 88' lang='lat' dir='ltr'>apud</span> <span class='ocrx_word' id='word_1_185' title='bbox 517 3160 612 3205; x_wconf 81' lang='lat' dir='ltr'>Graeoos</span> <span class='ocrx_word' id='word_1_186' title='bbox 621 3157 678 3204; x_wconf 88' lang='lat' dir='ltr'>nihil</span> 
     </span>
     <span class='ocr_line' id='line_1_33' title="bbox 177 3229 677 3293; baseline -0.022 -7"><span class='ocrx_word' id='word_1_187' title='bbox 177 3239 239 3286; x_wconf 77' lang='lat' dir='ltr'>eliud</span> <span class='ocrx_word' id='word_1_188' title='bbox 259 3241 296 3283; x_wconf 82' lang='lat' dir='ltr'>est</span> <span class='ocrx_word' id='word_1_189' title='bbox 312 3234 356 3281; x_wconf 90' lang='lat' dir='ltr'>nisi</span> <span class='ocrx_word' id='word_1_190' title='bbox 371 3240 461 3293; x_wconf 79' lang='lat' dir='ltr'>satyras</span> <span class='ocrx_word' id='word_1_191' title='bbox 471 3230 626 3278; x_wconf 83' lang='lat' dir='ltr'>conscribere.</span> <span class='ocrx_word' id='word_1_192' title='bbox 643 3229 677 3276; x_wconf 85' lang='lat' dir='ltr'>oi·</span> 
     </span>
     <span class='ocr_line' id='line_1_34' title="bbox 177 3305 677 3367; baseline -0.022 -9"><span class='ocrx_word' id='word_1_193' title='bbox 177 3312 241 3358; x_wconf 83' lang='lat' dir='ltr'>brore</span> <span class='ocrx_word' id='word_1_194' title='bbox 252 3309 332 3356; x_wconf 81' lang='lat' dir='ltr'>iambos</span> <span class='ocrx_word' id='word_1_195' title='bbox 338 3313 445 3367; x_wconf 87' lang='lat' dir='ltr'>tanquam</span> <span class='ocrx_word' id='word_1_196' title='bbox 452 3305 499 3352; x_wconf 87' lang='lat' dir='ltr'>tela</span> <span class='ocrx_word' id='word_1_197' title='bbox 506 3309 626 3358; x_wconf 82' lang='lat' dir='ltr'>venenata,</span> <span class='ocrx_word' id='word_1_198' title='bbox 635 3317 677 3348; x_wconf 87' lang='lat' dir='ltr'>ex·</span> 
     </span>
     <span class='ocr_line' id='line_1_35' title="bbox 176 3377 676 3445; baseline -0.018 -15"><span class='ocrx_word' id='word_1_199' title='bbox 176 3383 262 3445; x_wconf 87' lang='lat' dir='ltr'>quisita</span> <span class='ocrx_word' id='word_1_200' title='bbox 284 3396 328 3442; x_wconf 86' lang='lat' dir='ltr'>pro</span> <span class='ocrx_word' id='word_1_201' title='bbox 349 3380 438 3439; x_wconf 83' lang='lat' dir='ltr'>vulgari</span> <span class='ocrx_word' id='word_1_202' title='bbox 455 3377 613 3425; x_wconf 75' lang='lat' dir='ltr'>scribere-7.</span> <span class='ocrx_word' id='word_1_203' title='bbox 630 3386 676 3423; x_wconf 85' lang='lat' dir='ltr'>tor·</span> 
     </span>
     <span class='ocr_line' id='line_1_36' title="bbox 177 3447 677 3516; baseline -0.018 -13"><span class='ocrx_word' id='word_1_204' title='bbox 177 3457 253 3516; x_wconf 81' lang='lat' dir='ltr'>dipcdi</span> <span class='ocrx_word' id='word_1_205' title='bbox 271 3455 319 3508; x_wconf 85' lang='lat' dir='ltr'>deo,</span> <span class='ocrx_word' id='word_1_206' title='bbox 331 3453 447 3507; x_wconf 87' lang='lat' dir='ltr'>Vulcano,</span> <span class='ocrx_word' id='word_1_207' title='bbox 458 3465 500 3510; x_wconf 95' lang='lat' dir='ltr'>pro</span> <span class='ocrx_word' id='word_1_208' title='bbox 512 3449 569 3511; x_wconf 79' lang='lat' dir='ltr'>igni.</span> <span class='ocrx_word' id='word_1_209' title='bbox 591 3449 620 3494; x_wconf 81' lang='lat' dir='ltr'>ol.</span> <span class='ocrx_word' id='word_1_210' title='bbox 637 3447 677 3495; x_wconf 87' lang='lat' dir='ltr'>Ti-</span> 
     </span>
     <span class='ocr_line' id='line_1_37' title="bbox 175 3522 678 3577; baseline -0.014 0"><span class='ocrx_word' id='word_1_211' title='bbox 175 3529 232 3577; x_wconf 86' lang='lat' dir='ltr'>butt.</span> <span class='ocrx_word' id='word_1_212' title='bbox 244 3529 266 3575; x_wconf 88' lang='lat' dir='ltr'>I.</span> <span class='ocrx_word' id='word_1_213' title='bbox 278 3530 301 3575; x_wconf 88' lang='lat'>9.</span> <span class='ocrx_word' id='word_1_214' title='bbox 315 3529 357 3574; x_wconf 88' lang='lat'>49.</span> <span class='ocrx_word' id='word_1_215' title='bbox 368 3531 393 3571; x_wconf 88' lang='lat' dir='ltr'>et</span> <span class='ocrx_word' id='word_1_216' title='bbox 405 3525 490 3571; x_wconf 86' lang='lat' dir='ltr'>Horat.</span> <span class='ocrx_word' id='word_1_217' title='bbox 503 3523 550 3569; x_wconf 83' lang='lat' dir='ltr'>od.</span> <span class='ocrx_word' id='word_1_218' title='bbox 562 3522 585 3568; x_wconf 93' lang='lat' dir='ltr'>I.</span> <span class='ocrx_word' id='word_1_219' title='bbox 597 3523 638 3568; x_wconf 92' lang='grc'>16.</span> <span class='ocrx_word' id='word_1_220' title='bbox 653 3523 678 3570; x_wconf 85' lang='grc'>3.</span> 
     </span>
     <span class='ocr_line' id='line_1_38' title="bbox 176 3594 678 3666; baseline -0.02 -16"><span class='ocrx_word' id='word_1_221' title='bbox 176 3599 338 3666; x_wconf 76' lang='lat' dir='ltr'>-inselicibus</span> <span class='ocrx_word' id='word_1_222' title='bbox 347 3597 422 3660; x_wconf 82' lang='lat' dir='ltr'>lignis.</span> <span class='ocrx_word' id='word_1_223' title='bbox 435 3596 500 3658; x_wconf 76' lang='lat' dir='ltr'>ligna</span> <span class='ocrx_word' id='word_1_224' title='bbox 509 3594 613 3642; x_wconf 77' lang='lat' dir='ltr'>infelicia</span> <span class='ocrx_word' id='word_1_225' title='bbox 624 3599 678 3640; x_wconf 89' lang='lat' dir='ltr'>sunt</span> 
     </span>
     <span class='ocr_line' id='line_1_39' title="bbox 176 3666 677 3735; baseline -0.018 -14"><span class='ocrx_word' id='word_1_226' title='bbox 176 3673 337 3735; x_wconf 85' lang='lat' dir='ltr'>¹abominanda,</span> <span class='ocrx_word' id='word_1_227' title='bbox 355 3676 381 3716; x_wconf 89' lang='grc'>61</span> <span class='ocrx_word' id='word_1_228' title='bbox 399 3669 455 3730; x_wconf 81' lang='lat' dir='ltr'>lupis</span> <span class='ocrx_word' id='word_1_229' title='bbox 476 3666 555 3731; x_wconf 75' lang='lat' dir='ltr'>Infelix</span> <span class='ocrx_word' id='word_1_230' title='bbox 565 3667 628 3728; x_wconf 88' lang='lat' dir='ltr'>apud</span> <span class='ocrx_word' id='word_1_231' title='bbox 638 3666 677 3713; x_wconf 88' lang='lat' dir='ltr'>Ti·</span> 
     </span>
     <span class='ocr_line' id='line_1_40' title="bbox 176 3738 677 3800; baseline -0.012 -8"><span class='ocrx_word' id='word_1_232' title='bbox 176 3746 234 3792; x_wconf 87' lang='lat' dir='ltr'>boll.</span> <span class='ocrx_word' id='word_1_233' title='bbox 245 3746 266 3791; x_wconf 93' lang='lat'>1.</span> <span class='ocrx_word' id='word_1_234' title='bbox 279 3747 303 3790; x_wconf 89' lang='lat'>4.</span> <span class='ocrx_word' id='word_1_235' title='bbox 315 3746 355 3790; x_wconf 91' lang='grc'>60.</span> <span class='ocrx_word' id='word_1_236' title='bbox 372 3741 411 3789; x_wconf 91' lang='lat' dir='ltr'>nbi</span> <span class='ocrx_word' id='word_1_237' title='bbox 429 3743 459 3789; x_wconf 83' lang='grc'>61.</span> <span class='ocrx_word' id='word_1_238' title='bbox 475 3741 564 3788; x_wconf 85' lang='lat' dir='ltr'>Illustr.</span> <span class='ocrx_word' id='word_1_239' title='bbox 582 3738 677 3800; x_wconf 81' lang='lat' dir='ltr'>Heyne.</span> 
     </span>
     <span class='ocr_line' id='line_1_41' title="bbox 177 3811 677 3880; baseline -0.014 -16"><span class='ocrx_word' id='word_1_240' title='bbox 177 3819 243 3864; x_wconf 80' lang='lat' dir='ltr'>orbor</span> <span class='ocrx_word' id='word_1_241' title='bbox 253 3814 332 3880; x_wconf 82' lang='lat' dir='ltr'>inselin</span> <span class='ocrx_word' id='word_1_242' title='bbox 343 3815 373 3865; x_wconf 85' lang='lat' dir='ltr'>de</span> <span class='ocrx_word' id='word_1_243' title='bbox 385 3829 454 3861; x_wconf 90' lang='lat' dir='ltr'>ornce</span> <span class='ocrx_word' id='word_1_244' title='bbox 466 3814 528 3876; x_wconf 89' lang='lat' dir='ltr'>apud</span> <span class='ocrx_word' id='word_1_245' title='bbox 540 3811 596 3860; x_wconf 84' lang='lat' dir='ltr'>Liv.</span> <span class='ocrx_word' id='word_1_246' title='bbox 608 3813 677 3859; x_wconf 85' lang='lat'>1.16.</span> 
     </span>
     <span class='ocr_line' id='line_1_42' title="bbox 177 3883 679 3949; baseline -0.002 -15"><span class='ocrx_word' id='word_1_247' title='bbox 177 3889 243 3938; x_wconf 87' lang='lat' dir='ltr'>locus</span> <span class='ocrx_word' id='word_1_248' title='bbox 254 3889 367 3936; x_wconf 77' lang='lat' dir='ltr'>classicus</span> <span class='ocrx_word' id='word_1_249' title='bbox 383 3889 413 3933; x_wconf 86' lang='lat' dir='ltr'>de</span> <span class='ocrx_word' id='word_1_250' title='bbox 424 3888 541 3935; x_wconf 79' lang='lat' dir='ltr'>arboribus</span> <span class='ocrx_word' id='word_1_251' title='bbox 550 3883 679 3949; x_wconf 73' lang='lat' dir='ltr'>infelicibus</span> 
     </span>
     <span class='ocr_line' id='line_1_43' title="bbox 178 3957 678 4022; baseline -0.012 -13"><span class='ocrx_word' id='word_1_252' title='bbox 178 3970 256 4009; x_wconf 81' lang='lat' dir='ltr'>exstat</span> <span class='ocrx_word' id='word_1_253' title='bbox 272 3961 334 4022; x_wconf 87' lang='lat' dir='ltr'>apud</span> <span class='ocrx_word' id='word_1_254' title='bbox 352 3961 457 4007; x_wconf 87' lang='lat' dir='ltr'>Macrob.</span> <span class='ocrx_word' id='word_1_255' title='bbox 472 3957 578 4007; x_wconf 78' lang='lat' dir='ltr'>Saturnul</span> <span class='ocrx_word' id='word_1_256' title='bbox 589 3958 624 4004; x_wconf 89' lang='grc' dir='ltr'>ΙΙ.</span> <span class='ocrx_word' id='word_1_257' title='bbox 639 3959 678 4005; x_wconf 90' lang='grc'>16.</span> 
     </span>
     <span class='ocr_line' id='line_1_44' title="bbox 177 4029 678 4093; baseline -0.008 -11"><span class='ocrx_word' id='word_1_258' title='bbox 177 4035 208 4083; x_wconf 80' lang='lat' dir='ltr'>ci.</span> <span class='ocrx_word' id='word_1_259' title='bbox 217 4033 306 4081; x_wconf 83' lang='lat' dir='ltr'>Coelius</span> <span class='ocrx_word' id='word_1_260' title='bbox 316 4031 439 4093; x_wconf 83' lang='lat' dir='ltr'>Rhodigin.</span> <span class='ocrx_word' id='word_1_261' title='bbox 459 4031 556 4092; x_wconf 80' lang='lat' dir='ltr'>Antiqn.</span> <span class='ocrx_word' id='word_1_262' title='bbox 567 4030 633 4076; x_wconf 81' lang='lat' dir='ltr'>beot.</span> <span class='ocrx_word' id='word_1_263' title='bbox 642 4029 678 4078; x_wconf 82' lang='lat' dir='ltr'>X.</span> 
     </span>
     <span class='ocr_line' id='line_1_45' title="bbox 178 4105 678 4167; baseline -0.006 -14"><span class='ocrx_word' id='word_1_264' title='bbox 178 4123 200 4155; x_wconf 89' lang='lat' dir='ltr'>e.</span> <span class='ocrx_word' id='word_1_265' title='bbox 210 4110 234 4153; x_wconf 83' lang='grc'>7.</span> <span class='ocrx_word' id='word_1_266' title='bbox 259 4107 362 4167; x_wconf 81' lang='lat' dir='ltr'>interpr.</span> <span class='ocrx_word' id='word_1_267' title='bbox 371 4106 400 4151; x_wconf 88' lang='lat' dir='ltr'>ad</span> <span class='ocrx_word' id='word_1_268' title='bbox 410 4106 476 4151; x_wconf 86' lang='lat' dir='ltr'>Grat.</span> <span class='ocrx_word' id='word_1_269' title='bbox 483 4105 574 4165; x_wconf 77' lang='lat' dir='ltr'>Cyneg.</span> <span class='ocrx_word' id='word_1_270' title='bbox 587 4119 612 4150; x_wconf 84' lang='lat' dir='ltr'>v.</span> <span class='ocrx_word' id='word_1_271' title='bbox 623 4106 678 4150; x_wconf 78' lang='lat' dir='ltr'>tae.</span> 
     </span>
     <span class='ocr_line' id='line_1_46' title="bbox 179 4176 679 4237; baseline -0.006 -13"><span class='ocrx_word' id='word_1_272' title='bbox 179 4180 279 4228; x_wconf 84' lang='lat' dir='ltr'>Turneb.</span> <span class='ocrx_word' id='word_1_273' title='bbox 293 4179 394 4224; x_wconf 71' lang='lat' dir='ltr'>Adsere.</span> <span class='ocrx_word' id='word_1_274' title='bbox 403 4177 501 4223; x_wconf 90' lang='lat' dir='ltr'>XVIII.</span> <span class='ocrx_word' id='word_1_275' title='bbox 515 4176 679 4237; x_wconf 62' lang='grc'><strong>166661166-</strong></span> 
     </span>
     <span class='ocr_line' id='line_1_47' title="bbox 179 4248 679 4311; baseline -0.01 -13"><span class='ocrx_word' id='word_1_276' title='bbox 179 4259 203 4298; x_wconf 89' lang='lat' dir='ltr'>ta</span> <span class='ocrx_word' id='word_1_277' title='bbox 209 4259 285 4299; x_wconf 89' lang='lat' dir='ltr'>autem</span> <span class='ocrx_word' id='word_1_278' title='bbox 294 4251 411 4311; x_wconf 83' lang='lat' dir='ltr'>explenda</span> <span class='ocrx_word' id='word_1_279' title='bbox 417 4257 527 4309; x_wconf 82' lang='lat' dir='ltr'>usurpata</span> <span class='ocrx_word' id='word_1_280' title='bbox 534 4248 606 4294; x_wconf 81' lang='lat' dir='ltr'>fuisse</span> <span class='ocrx_word' id='word_1_281' title='bbox 614 4249 679 4310; x_wconf 81' lang='lat' dir='ltr'>ligna</span> 
     </span>
     <span class='ocr_line' id='line_1_48' title="bbox 178 4321 678 4388; baseline -0.012 -14"><span class='ocrx_word' id='word_1_282' title='bbox 178 4324 278 4388; x_wconf 74' lang='lat' dir='ltr'>infelicia</span> <span class='ocrx_word' id='word_1_283' title='bbox 289 4330 387 4385; x_wconf 85' lang='lat' dir='ltr'>apparet</span> <span class='ocrx_word' id='word_1_284' title='bbox 397 4338 428 4370; x_wconf 83' lang='lat' dir='ltr'>ex</span> <span class='ocrx_word' id='word_1_285' title='bbox 446 4321 562 4382; x_wconf 78' lang='lat' dir='ltr'>Lycophr.</span> <span class='ocrx_word' id='word_1_286' title='bbox 574 4336 597 4367; x_wconf 88' lang='lat' dir='ltr'>v.</span> <span class='ocrx_word' id='word_1_287' title='bbox 609 4323 678 4369; x_wconf 75' lang='lat'>1157.</span> 
     </span>
    </p>
   </div>
   <div class='ocr_carea' id='block_1_7' title="bbox 727 2142 1250 3442">
    <p class='ocr_par' dir='ltr' id='par_1_10' title="bbox 727 2142 1231 2424">
     <span class='ocr_line' id='line_1_49' title="bbox 728 2142 1231 2207; baseline 0.008 -17"><span class='ocrx_word' id='word_1_288' title='bbox 728 2142 770 2191; x_wconf 89' lang='lat' dir='ltr'>ubi</span> <span class='ocrx_word' id='word_1_289' title='bbox 781 2143 831 2192; x_wconf 86' lang='lat' dir='ltr'>vid.</span> <span class='ocrx_word' id='word_1_290' title='bbox 842 2144 932 2191; x_wconf 83' lang='lat' dir='ltr'>Meum.</span> <span class='ocrx_word' id='word_1_291' title='bbox 965 2145 988 2192; x_wconf 85' lang='lat'>9.</span> <span class='ocrx_word' id='word_1_292' title='bbox 999 2142 1044 2192; x_wconf 73' lang='lat' dir='ltr'>bne</span> <span class='ocrx_word' id='word_1_293' title='bbox 1054 2145 1231 2207; x_wconf 79' lang='lat' dir='ltr'>pemimupuallo</span> 
     </span>
     <span class='ocr_line' id='line_1_50' title="bbox 727 2215 1230 2273; baseline 0.006 -9"><span class='ocrx_word' id='word_1_294' title='bbox 727 2216 813 2265; x_wconf 77' lang='lat' dir='ltr'>blande</span> <span class='ocrx_word' id='word_1_295' title='bbox 832 2219 899 2264; x_wconf 77' lang='lat' dir='ltr'>dieser</span> <span class='ocrx_word' id='word_1_296' title='bbox 921 2217 962 2263; x_wconf 84' lang='lat' dir='ltr'>lose</span> <span class='ocrx_word' id='word_1_297' title='bbox 984 2215 1110 2273; x_wconf 82' lang='lat' dir='ltr'>Miidcben,</span> <span class='ocrx_word' id='word_1_298' title='bbox 1131 2224 1159 2265; x_wconf 89' lang='lat' dir='ltr'>ut</span> <span class='ocrx_word' id='word_1_299' title='bbox 1175 2217 1230 2267; x_wconf 79' lang='lat' dir='ltr'>intr.</span> 
     </span>
     <span class='ocr_line' id='line_1_51' title="bbox 728 2289 1231 2350; baseline 0.008 -15"><span class='ocrx_word' id='word_1_300' title='bbox 728 2289 803 2337; x_wconf 85' lang='lat' dir='ltr'>carm.</span> <span class='ocrx_word' id='word_1_301' title='bbox 820 2290 870 2336; x_wconf 89' lang='lat' dir='ltr'>LV.</span> <span class='ocrx_word' id='word_1_302' title='bbox 889 2292 929 2336; x_wconf 90' lang='grc'>10.</span> <span class='ocrx_word' id='word_1_303' title='bbox 949 2289 1015 2347; x_wconf 83' lang='lat' dir='ltr'>uidit,</span> <span class='ocrx_word' id='word_1_304' title='bbox 1034 2289 1058 2336; x_wconf 92' lang='lat' dir='ltr'>lr.</span> <span class='ocrx_word' id='word_1_305' title='bbox 1071 2304 1092 2336; x_wconf 90' lang='grc'>6.</span> <span class='ocrx_word' id='word_1_306' title='bbox 1104 2289 1231 2350; x_wconf 82' lang='lat' dir='ltr'>intellexit,</span> 
     </span>
     <span class='ocr_line' id='line_1_52' title="bbox 727 2360 934 2424; baseline 0 -16"><span class='ocrx_word' id='word_1_307' title='bbox 727 2363 802 2424; x_wconf 86' lang='lat' dir='ltr'>probe</span> <span class='ocrx_word' id='word_1_308' title='bbox 813 2360 934 2424; x_wconf 79' lang='lat' dir='ltr'>cognovit.</span> 
     </span>
    </p>

    <p class='ocr_par' dir='ltr' id='par_1_11' title="bbox 727 2432 1250 3442">
     <span class='ocr_line' id='line_1_53' title="bbox 760 2432 1232 2483; baseline 0.004 -3"><span class='ocrx_word' id='word_1_309' title='bbox 760 2437 867 2482; x_wconf 60' lang='lat'>‘11-16.</span> <span class='ocrx_word' id='word_1_310' title='bbox 876 2433 980 2482; x_wconf 79' lang='lat' dir='ltr'>solemni</span> <span class='ocrx_word' id='word_1_311' title='bbox 989 2432 1135 2483; x_wconf 82' lang='lat' dir='ltr'>invocatione</span> <span class='ocrx_word' id='word_1_312' title='bbox 1146 2435 1175 2483; x_wconf 80' lang='lat' dir='ltr'>ad</span> <span class='ocrx_word' id='word_1_313' title='bbox 1182 2435 1232 2482; x_wconf 85' lang='lat' dir='ltr'>Va·</span> 
     </span>
     <span class='ocr_line' id='line_1_54' title="bbox 728 2505 1230 2569; baseline 0.004 -15"><span class='ocrx_word' id='word_1_314' title='bbox 728 2523 808 2554; x_wconf 88' lang='lat' dir='ltr'>nerem</span> <span class='ocrx_word' id='word_1_315' title='bbox 819 2522 845 2553; x_wconf 88' lang='lat' dir='ltr'>se</span> <span class='ocrx_word' id='word_1_316' title='bbox 857 2505 980 2562; x_wconf 76' lang='lat' dir='ltr'>convertit,</span> <span class='ocrx_word' id='word_1_317' title='bbox 997 2512 1021 2553; x_wconf 89' lang='lat' dir='ltr'>et</span> <span class='ocrx_word' id='word_1_318' title='bbox 1032 2522 1096 2554; x_wconf 87' lang='lat' dir='ltr'>more</span> <span class='ocrx_word' id='word_1_319' title='bbox 1107 2506 1230 2569; x_wconf 65' lang='lat' dir='ltr'>poetam</span> 
     </span>
     <span class='ocr_line' id='line_1_55' title="bbox 728 2578 1231 2641; baseline 0.004 -15"><span class='ocrx_word' id='word_1_320' title='bbox 728 2579 822 2627; x_wconf 82' lang='lat' dir='ltr'>nomine</span> <span class='ocrx_word' id='word_1_321' title='bbox 840 2580 956 2636; x_wconf 89' lang='lat' dir='ltr'>looornm,</span> <span class='ocrx_word' id='word_1_322' title='bbox 975 2579 1061 2641; x_wconf 85' lang='lat' dir='ltr'>quibus</span> <span class='ocrx_word' id='word_1_323' title='bbox 1076 2592 1178 2641; x_wconf 68' lang='lat' dir='ltr'>preesse</span> <span class='ocrx_word' id='word_1_324' title='bbox 1187 2578 1231 2628; x_wconf 77' lang='grc'><strong>1116</strong></span> 
     </span>
     <span class='ocr_line' id='line_1_56' title="bbox 728 2651 1230 2713; baseline 0.002 -14"><span class='ocrx_word' id='word_1_325' title='bbox 728 2653 875 2707; x_wconf 79' lang='lat' dir='ltr'>credebatur,</span> <span class='ocrx_word' id='word_1_326' title='bbox 886 2651 1041 2706; x_wconf 78' lang='grc'><strong>6666666161,</strong></span> <span class='ocrx_word' id='word_1_327' title='bbox 1061 2659 1088 2698; x_wconf 91' lang='grc'>61</span> <span class='ocrx_word' id='word_1_328' title='bbox 1104 2652 1230 2713; x_wconf 74' lang='grc'><strong>16666116-</strong></span> 
     </span>
     <span class='ocr_line' id='line_1_57' title="bbox 727 2724 1230 2774; baseline 0.002 -1"><span class='ocrx_word' id='word_1_329' title='bbox 727 2727 802 2773; x_wconf 87' lang='lat' dir='ltr'>ratins</span> <span class='ocrx_word' id='word_1_330' title='bbox 818 2731 844 2772; x_wconf 85' lang='lat' dir='ltr'>et</span> <span class='ocrx_word' id='word_1_331' title='bbox 859 2725 904 2774; x_wconf 90' lang='lat' dir='ltr'>illi.</span> <span class='ocrx_word' id='word_1_332' title='bbox 937 2725 996 2771; x_wconf 88' lang='lat' dir='ltr'>Cum</span> <span class='ocrx_word' id='word_1_333' title='bbox 1008 2730 1088 2771; x_wconf 80' lang='lat' dir='ltr'>nostre</span> <span class='ocrx_word' id='word_1_334' title='bbox 1099 2724 1151 2772; x_wconf 86' lang='lat' dir='ltr'>loco</span> <span class='ocrx_word' id='word_1_335' title='bbox 1166 2740 1230 2774; x_wconf 80' lang='lat' dir='ltr'>oom-</span> 
     </span>
     <span class='ocr_line' id='line_1_58' title="bbox 728 2794 1228 2860; baseline 0.002 -16"><span class='ocrx_word' id='word_1_336' title='bbox 728 2814 785 2860; x_wconf 83' lang='lat' dir='ltr'>psra</span> <span class='ocrx_word' id='word_1_337' title='bbox 795 2794 884 2845; x_wconf 85' lang='lat' dir='ltr'>Horat.</span> <span class='ocrx_word' id='word_1_338' title='bbox 892 2799 939 2845; x_wconf 82' lang='lat' dir='ltr'>ud.</span> <span class='ocrx_word' id='word_1_339' title='bbox 951 2798 970 2843; x_wconf 92' lang='lat' dir='ltr'>l.</span> <span class='ocrx_word' id='word_1_340' title='bbox 982 2798 1022 2843; x_wconf 79' lang='grc'>30.</span> <span class='ocrx_word' id='word_1_341' title='bbox 1042 2800 1056 2842; x_wconf 99' lang='grc'>1</span> <span class='ocrx_word' id='word_1_342' title='bbox 1067 2812 1131 2858; x_wconf 87' lang='lat' dir='ltr'>seqq.</span> <span class='ocrx_word' id='word_1_343' title='bbox 1142 2803 1167 2844; x_wconf 86' lang='lat' dir='ltr'>nt</span> <span class='ocrx_word' id='word_1_344' title='bbox 1177 2797 1228 2847; x_wconf 86' lang='lat' dir='ltr'>vid.</span> 
     </span>
     <span class='ocr_line' id='line_1_59' title="bbox 729 2869 1230 2919; baseline 0.002 -2"><span class='ocrx_word' id='word_1_345' title='bbox 729 2873 877 2919; x_wconf 72' lang='lat' dir='ltr'>Burmannus</span> <span class='ocrx_word' id='word_1_346' title='bbox 895 2869 995 2917; x_wconf 79' lang='lat' dir='ltr'>Secund.</span> <span class='ocrx_word' id='word_1_347' title='bbox 1009 2870 1038 2915; x_wconf 88' lang='lat' dir='ltr'>ad</span> <span class='ocrx_word' id='word_1_348' title='bbox 1051 2869 1142 2917; x_wconf 87' lang='lat' dir='ltr'>Letiob.</span> <span class='ocrx_word' id='word_1_349' title='bbox 1154 2869 1197 2918; x_wconf 89' lang='lat' dir='ltr'>lib.</span> <span class='ocrx_word' id='word_1_350' title='bbox 1207 2871 1230 2919; x_wconf 91' lang='lat' dir='ltr'>I.</span> 
     </span>
     <span class='ocr_line' id='line_1_60' title="bbox 728 2940 1230 2991; baseline -0.004 -1"><span class='ocrx_word' id='word_1_351' title='bbox 728 2944 806 2990; x_wconf 80' lang='lat' dir='ltr'>Germ.</span> <span class='ocrx_word' id='word_1_352' title='bbox 828 2946 868 2991; x_wconf 69' lang='lat'>26.</span> <span class='ocrx_word' id='word_1_353' title='bbox 888 2943 927 2990; x_wconf 89' lang='grc'>15.</span> <span class='ocrx_word' id='word_1_354' title='bbox 948 2940 1006 2987; x_wconf 88' lang='lat' dir='ltr'>edit.</span> <span class='ocrx_word' id='word_1_355' title='bbox 1025 2941 1159 2988; x_wconf 84' lang='lat' dir='ltr'>Kretschm.</span> <span class='ocrx_word' id='word_1_356' title='bbox 1176 2955 1230 2989; x_wconf 79' lang='lat' dir='ltr'>nem</span> 
     </span>
     <span class='ocr_line' id='line_1_61' title="bbox 729 3013 1229 3077; baseline -0.004 -13"><span class='ocrx_word' id='word_1_357' title='bbox 729 3032 776 3077; x_wconf 91' lang='lat' dir='ltr'>quo</span> <span class='ocrx_word' id='word_1_358' title='bbox 786 3017 860 3076; x_wconf 87' lang='lat' dir='ltr'>major</span> <span class='ocrx_word' id='word_1_359' title='bbox 871 3013 963 3061; x_wconf 88' lang='lat' dir='ltr'>urbium</span> <span class='ocrx_word' id='word_1_360' title='bbox 974 3019 1025 3060; x_wconf 84' lang='lat' dir='ltr'>erat</span> <span class='ocrx_word' id='word_1_361' title='bbox 1035 3028 1154 3070; x_wconf 84' lang='lat' dir='ltr'>numerus,</span> <span class='ocrx_word' id='word_1_362' title='bbox 1169 3027 1229 3077; x_wconf 79' lang='lat' dir='ltr'>qnae</span> 
     </span>
     <span class='ocr_line' id='line_1_62' title="bbox 729 3085 1230 3149; baseline -0.006 -13"><span class='ocrx_word' id='word_1_363' title='bbox 729 3088 770 3136; x_wconf 87' lang='lat' dir='ltr'>Dii</span> <span class='ocrx_word' id='word_1_364' title='bbox 782 3087 867 3149; x_wconf 76' lang='lat' dir='ltr'>singuli</span> <span class='ocrx_word' id='word_1_365' title='bbox 879 3085 988 3149; x_wconf 78' lang='lat' dir='ltr'>presidio</span> <span class='ocrx_word' id='word_1_366' title='bbox 1004 3101 1047 3132; x_wconf 87' lang='lat' dir='ltr'>sno</span> <span class='ocrx_word' id='word_1_367' title='bbox 1063 3086 1183 3143; x_wconf 74' lang='lat' dir='ltr'>fovebant.</span> <span class='ocrx_word' id='word_1_368' title='bbox 1200 3099 1230 3149; x_wconf 82' lang='lat' dir='ltr'>eo</span> 
     </span>
     <span class='ocr_line' id='line_1_63' title="bbox 728 3157 1230 3223; baseline 0 -14"><span class='ocrx_word' id='word_1_369' title='bbox 728 3163 801 3223; x_wconf 87' lang='lat' dir='ltr'>major</span> <span class='ocrx_word' id='word_1_370' title='bbox 816 3161 870 3207; x_wconf 88' lang='lat' dir='ltr'>inde</span> <span class='ocrx_word' id='word_1_371' title='bbox 879 3157 928 3207; x_wconf 88' lang='lat' dir='ltr'>illis</span> <span class='ocrx_word' id='word_1_372' title='bbox 938 3158 1108 3206; x_wconf 86' lang='lat' dir='ltr'>conciliabatur</span> <span class='ocrx_word' id='word_1_373' title='bbox 1117 3157 1193 3207; x_wconf 87' lang='lat' dir='ltr'>bonor</span> <span class='ocrx_word' id='word_1_374' title='bbox 1204 3165 1230 3209; x_wconf 80' lang='grc'>61</span> 
     </span>
     <span class='ocr_line' id='line_1_64' title="bbox 728 3232 1250 3297; baseline 0 -15"><span class='ocrx_word' id='word_1_375' title='bbox 728 3234 844 3297; x_wconf 77' lang='lat' dir='ltr'>dignitas:</span> <span class='ocrx_word' id='word_1_376' title='bbox 865 3233 920 3281; x_wconf 84' lang='lat' dir='ltr'>lrino</span> <span class='ocrx_word' id='word_1_377' title='bbox 935 3248 997 3297; x_wconf 73' lang='lat' dir='ltr'>saepe</span> <span class='ocrx_word' id='word_1_378' title='bbox 1014 3232 1061 3295; x_wconf 89' lang='lat' dir='ltr'>ipsi</span> <span class='ocrx_word' id='word_1_379' title='bbox 1071 3233 1105 3280; x_wconf 88' lang='lat' dir='ltr'>dii</span> <span class='ocrx_word' id='word_1_380' title='bbox 1113 3235 1229 3295; x_wconf 77' lang='lat' dir='ltr'>jactanter</span> <span class='ocrx_word' id='word_1_381' title='bbox 1247 3284 1250 3291; x_wconf 73' lang='grc'><em>,</em></span> 
     </span>
     <span class='ocr_line' id='line_1_65' title="bbox 728 3307 1230 3375; baseline 0.006 -21"><span class='ocrx_word' id='word_1_382' title='bbox 728 3308 785 3363; x_wconf 77' lang='lat' dir='ltr'>iere,</span> <span class='ocrx_word' id='word_1_383' title='bbox 795 3323 853 3368; x_wconf 83' lang='lat' dir='ltr'>quas</span> <span class='ocrx_word' id='word_1_384' title='bbox 864 3309 995 3361; x_wconf 85' lang='lat' dir='ltr'>tuebantur,</span> <span class='ocrx_word' id='word_1_385' title='bbox 1005 3307 1073 3353; x_wconf 89' lang='lat' dir='ltr'>urbes</span> <span class='ocrx_word' id='word_1_386' title='bbox 1080 3315 1230 3375; x_wconf 64' lang='grc'><strong>6666616115</strong></span> 
     </span>
     <span class='ocr_line' id='line_1_66' title="bbox 729 3379 1155 3442; baseline 0.005 -15"><span class='ocrx_word' id='word_1_387' title='bbox 729 3386 756 3427; x_wconf 91' lang='grc'>61</span> <span class='ocrx_word' id='word_1_388' title='bbox 765 3381 915 3442; x_wconf 84' lang='lat' dir='ltr'>Venusapnd</span> <span class='ocrx_word' id='word_1_389' title='bbox 927 3379 995 3441; x_wconf 81' lang='lat' dir='ltr'>Virg.</span> <span class='ocrx_word' id='word_1_390' title='bbox 1008 3381 1061 3427; x_wconf 82' lang='lat' dir='ltr'>AEn.</span> <span class='ocrx_word' id='word_1_391' title='bbox 1070 3380 1103 3427; x_wconf 91' lang='lat' dir='ltr'>X.</span> <span class='ocrx_word' id='word_1_392' title='bbox 1115 3382 1155 3430; x_wconf 86' lang='lat'>51.</span> 
     </span>
    </p>
   </div>
   <div class='ocr_carea' id='block_1_8' title="bbox 730 3497 1229 3708">
    <p class='ocr_par' dir='ltr' id='par_1_12' title="bbox 730 3497 1229 3708">
     <span class='ocr_line' id='line_1_67' title="bbox 730 3497 1229 3567; baseline 0.008 -21"><span class='ocrx_word' id='word_1_393' title='bbox 730 3497 933 3556; x_wconf 64' lang='lat' dir='ltr'>arcemarenses</span> <span class='ocrx_word' id='word_1_394' title='bbox 941 3498 996 3548; x_wconf 82' lang='lat' dir='ltr'>celsa</span> <span class='ocrx_word' id='word_1_395' title='bbox 1003 3499 1059 3547; x_wconf 81' lang='lat' dir='ltr'>mibi</span> <span class='ocrx_word' id='word_1_396' title='bbox 1068 3498 1229 3567; x_wconf 82' lang='lat' dir='ltr'>Papboantque</span> 
     </span>
     <span class='ocr_line' id='line_1_68' title="bbox 795 3571 903 3636; baseline -0.009 -16"><span class='ocrx_word' id='word_1_397' title='bbox 795 3571 903 3636; x_wconf 77' lang='lat' dir='ltr'>Cythera.</span> 
     </span>
     <span class='ocr_line' id='line_1_69' title="bbox 730 3643 943 3708; baseline 0 -16"><span class='ocrx_word' id='word_1_398' title='bbox 730 3643 851 3708; x_wconf 81' lang='lat' dir='ltr'>Idoliaeque</span> <span class='ocrx_word' id='word_1_399' title='bbox 859 3647 943 3693; x_wconf 77' lang='grc'><strong>(166161.</strong></span> 
     </span>
    </p>
   </div>
   <div class='ocr_carea' id='block_1_9' title="bbox 729 3740 1230 4384">
    <p class='ocr_par' dir='ltr' id='par_1_13' title="bbox 729 3740 1230 4384">
     <span class='ocr_line' id='line_1_70' title="bbox 729 3740 1229 3804; baseline 0.004 -14"><span class='ocrx_word' id='word_1_400' title='bbox 729 3741 822 3791; x_wconf 76' lang='lat' dir='ltr'>ceruleo</span> <span class='ocrx_word' id='word_1_401' title='bbox 831 3749 907 3790; x_wconf 80' lang='lat' dir='ltr'>creato</span> <span class='ocrx_word' id='word_1_402' title='bbox 914 3749 977 3804; x_wconf 84' lang='lat' dir='ltr'>pont.</span> <span class='ocrx_word' id='word_1_403' title='bbox 998 3740 1037 3788; x_wconf 84' lang='lat' dir='ltr'>Sic</span> <span class='ocrx_word' id='word_1_404' title='bbox 1047 3741 1136 3788; x_wconf 84' lang='lat' dir='ltr'>Graecis</span> <span class='ocrx_word' id='word_1_405' title='bbox 1147 3742 1229 3792; x_wconf 83' lang='lat' dir='ltr'>Vanus</span> 
     </span>
     <span class='ocr_line' id='line_1_71' title="bbox 729 3812 1228 3878; baseline 0.006 -16"><span class='ocrx_word' id='word_1_406' title='bbox 729 3815 817 3864; x_wconf 86' lang='lat' dir='ltr'>dicitur</span> <span class='ocrx_word' id='word_1_407' title='bbox 827 3813 1091 3878; x_wconf 57' lang='lat' dir='ltr'>observandarum</span> <span class='ocrx_word' id='word_1_408' title='bbox 1099 3812 1228 3873; x_wconf 61' lang='lat' dir='ltr'>dandene.</span> 
     </span>
     <span class='ocr_line' id='line_1_72' title="bbox 729 3887 1229 3951; baseline -0.006 -14"><span class='ocrx_word' id='word_1_409' title='bbox 729 3889 761 3937; x_wconf 79' lang='lat' dir='ltr'>ci.</span> <span class='ocrx_word' id='word_1_410' title='bbox 776 3888 918 3937; x_wconf 81' lang='lat' dir='ltr'>Rittersbna.</span> <span class='ocrx_word' id='word_1_411' title='bbox 937 3888 967 3935; x_wconf 85' lang='lat' dir='ltr'>ad</span> <span class='ocrx_word' id='word_1_412' title='bbox 982 3887 1084 3948; x_wconf 88' lang='lat' dir='ltr'>Oppian.</span> <span class='ocrx_word' id='word_1_413' title='bbox 1099 3889 1188 3951; x_wconf 72' lang='lat' dir='ltr'>Cynag.</span> <span class='ocrx_word' id='word_1_414' title='bbox 1204 3890 1229 3939; x_wconf 84' lang='lat' dir='ltr'>I.</span> 
     </span>
     <span class='ocr_line' id='line_1_73' title="bbox 729 3959 1229 4022; baseline -0.002 -12"><span class='ocrx_word' id='word_1_415' title='bbox 729 3963 770 4020; x_wconf 80' lang='grc'>33.</span> <span class='ocrx_word' id='word_1_416' title='bbox 805 3959 906 4008; x_wconf 85' lang='lat' dir='ltr'>Idalium</span> <span class='ocrx_word' id='word_1_417' title='bbox 912 3959 984 4022; x_wconf 75' lang='lat' dir='ltr'>Cypri</span> <span class='ocrx_word' id='word_1_418' title='bbox 995 3975 1084 4014; x_wconf 85' lang='lat' dir='ltr'>nemus,</span> <span class='ocrx_word' id='word_1_419' title='bbox 1096 3961 1182 4008; x_wconf 89' lang='lat' dir='ltr'>Veneri</span> <span class='ocrx_word' id='word_1_420' title='bbox 1192 3977 1229 4020; x_wconf 75' lang='lat' dir='ltr'>sn·¹</span> 
     </span>
     <span class='ocr_line' id='line_1_74' title="bbox 729 4032 1229 4094; baseline -0.002 -14"><span class='ocrx_word' id='word_1_421' title='bbox 729 4048 804 4087; x_wconf 87' lang='lat' dir='ltr'>crum,</span> <span class='ocrx_word' id='word_1_422' title='bbox 817 4032 841 4079; x_wconf 90' lang='lat' dir='ltr'>in</span> <span class='ocrx_word' id='word_1_423' title='bbox 852 4048 900 4094; x_wconf 89' lang='lat' dir='ltr'>quo</span> <span class='ocrx_word' id='word_1_424' title='bbox 911 4032 1057 4092; x_wconf 88' lang='lat' dir='ltr'>oppidulum.</span> <span class='ocrx_word' id='word_1_425' title='bbox 1068 4033 1097 4078; x_wconf 83' lang='grc'>61.</span> <span class='ocrx_word' id='word_1_426' title='bbox 1109 4032 1229 4085; x_wconf 78' lang='lat' dir='ltr'>Theocrit.</span> 
     </span>
     <span class='ocr_line' id='line_1_75' title="bbox 730 4103 1230 4168; baseline 0 -15"><span class='ocrx_word' id='word_1_427' title='bbox 730 4106 801 4166; x_wconf 80' lang='lat' dir='ltr'>ldyll.</span> <span class='ocrx_word' id='word_1_428' title='bbox 813 4106 870 4151; x_wconf 89' lang='lat' dir='ltr'>XV.</span> <span class='ocrx_word' id='word_1_429' title='bbox 882 4109 938 4153; x_wconf 90' lang='grc'><strong>100.</strong></span> <span class='ocrx_word' id='word_1_430' title='bbox 958 4112 982 4152; x_wconf 84' lang='grc'>61</span> <span class='ocrx_word' id='word_1_431' title='bbox 992 4103 1026 4151; x_wconf 89' lang='lat' dir='ltr'>ibi</span> <span class='ocrx_word' id='word_1_432' title='bbox 1040 4105 1177 4152; x_wconf 86' lang='lat' dir='ltr'>Valckenar.</span> <span class='ocrx_word' id='word_1_433' title='bbox 1188 4105 1230 4168; x_wconf 88' lang='lat' dir='ltr'>qui</span> 
     </span>
     <span class='ocr_line' id='line_1_76' title="bbox 729 4177 1228 4240; baseline 0.004 -17"><span class='ocrx_word' id='word_1_434' title='bbox 729 4178 798 4239; x_wconf 86' lang='lat' dir='ltr'>plura</span> <span class='ocrx_word' id='word_1_435' title='bbox 807 4178 830 4225; x_wconf 93' lang='lat' dir='ltr'>in</span> <span class='ocrx_word' id='word_1_436' title='bbox 837 4178 895 4223; x_wconf 81' lang='lat' dir='ltr'>hanc</span> <span class='ocrx_word' id='word_1_437' title='bbox 904 4194 951 4224; x_wconf 85' lang='lat' dir='ltr'>rem</span> <span class='ocrx_word' id='word_1_438' title='bbox 960 4178 1032 4224; x_wconf 85' lang='lat' dir='ltr'>dubit.</span> <span class='ocrx_word' id='word_1_439' title='bbox 1049 4177 1155 4240; x_wconf 79' lang='lat' dir='ltr'>Syrosque</span> <span class='ocrx_word' id='word_1_440' title='bbox 1162 4193 1228 4238; x_wconf 78' lang='lat' dir='ltr'>uper·</span> 
     </span>
     <span class='ocr_line' id='line_1_77' title="bbox 731 4249 1230 4310; baseline 0 -14"><span class='ocrx_word' id='word_1_441' title='bbox 731 4260 773 4297; x_wconf 86' lang='lat' dir='ltr'>tos:</span> <span class='ocrx_word' id='word_1_442' title='bbox 787 4249 1144 4310; x_wconf 77' lang='lat' dir='ltr'>haeclectio,quamVoss1usex</span> <span class='ocrx_word' id='word_1_443' title='bbox 1157 4249 1230 4296; x_wconf 83' lang='lat' dir='ltr'>vesti·</span> 
     </span>
     <span class='ocr_line' id='line_1_78' title="bbox 731 4322 1229 4384; baseline -0.002 -16"><span class='ocrx_word' id='word_1_444' title='bbox 731 4323 776 4384; x_wconf 76' lang='lat' dir='ltr'>giis</span> <span class='ocrx_word' id='word_1_445' title='bbox 795 4322 941 4383; x_wconf 85' lang='lat' dir='ltr'>antiquorum</span> <span class='ocrx_word' id='word_1_446' title='bbox 957 4322 1064 4370; x_wconf 87' lang='lat' dir='ltr'>codicum</span> <span class='ocrx_word' id='word_1_447' title='bbox 1081 4322 1149 4378; x_wconf 87' lang='lat' dir='ltr'>eruit,</span> <span class='ocrx_word' id='word_1_448' title='bbox 1168 4322 1229 4368; x_wconf 87' lang='lat' dir='ltr'>hand</span> 
     </span>
    </p>
   </div>
   <div class='ocr_carea' id='block_1_10' title="bbox 1175 4482 1408 4680">
    <p class='ocr_par' dir='ltr' id='par_1_14' title="bbox 1175 4482 1408 4680">
     <span class='ocr_line' id='line_1_79' title="bbox 1175 4482 1408 4680; baseline 0 0"><span class='ocrx_word' id='word_1_449' title='bbox 1175 4482 1408 4680; x_wconf 52' lang='grc' dir='ltr'>ΓΝ</span> 
     </span>
    </p>
   </div>
   <div class='ocr_carea' id='block_1_11' title="bbox 0 0 1443 4972">
    <p class='ocr_par' dir='ltr' id='par_1_15' title="bbox 0 0 1443 4972">
     <span class='ocr_line' id='line_1_80' title="bbox 0 0 1443 4972; baseline 0 0"><span class='ocrx_word' id='word_1_450' title='bbox 0 0 1443 4972; x_wconf 95' lang='lat' dir='ltr'> </span> 
     </span>
    </p>
   </div>
  </div>
 </body>
</html>
