2872 4972
521 372 758 447 GARMEN
786 368 895 443 vm.

271 564 360 647 Nec,
373 585 450 652 quaa
464 562 561 652 fugit,
580 572 728 642 sectare;
752 583 814 628 nec
829 559 929 627 miser
944 556 1040 623 vive:
1198 556 1237 618 10

271 675 340 744 Sed
355 675 523 741 obstinata
539 685 646 738 mente
660 672 782 760 perfer,
798 669 938 735 obdura.

268 784 368 866 Vale,
383 782 520 871 puella:
537 784 610 870 jam
626 779 786 848 Catullus
807 779 972 844 obdurat:

270 895 348 963 Nec
363 902 398 960 te
411 893 571 980 requiret,
587 913 649 981 neu
664 889 798 979 rogabit
811 882 964 956 iuvitamJ

273 1006 322 1072 At
335 1012 375 1070 tu
390 1001 532 1087 dolebis,
547 1024 622 1068 cum
637 998 810 1089 rogaberis
824 998 931 1087 nulla,

273 1112 435 1195 Scelesta,
457 1117 567 1203 poete.
611 1109 699 1190 Qua
722 1106 784 1173 tibi
800 1115 911 1173 manet
925 1108 1030 1175 vita?-
1197 1111 1235 1176 15

270 1223 356 1304 Quis
368 1242 457 1289 uuuo
470 1227 505 1285 te
520 1218 650 1286 adibit?
674 1218 755 1307 quoi
772 1216 940 1288 videberis
956 1219 1069 1285 bella?

199 1378 209 1393 .
270 1333 379 1414 Quem
396 1352 484 1397 nuuc
507 1330 656 1399 amabis?
680 1331 801 1419 quoius
820 1351 893 1397 esse
907 1331 1050 1415 diceris?

274 1444 384 1525 Quem
397 1440 566 1510 basiabis?
592 1441 673 1529 quoi
696 1440 822 1509 labella
845 1442 1032 1511 mordebis?

278 1555 327 1621 At
342 1562 391 1637 tu,
406 1551 555 1634 Catulle,
567 1551 753 1619 destinatus
772 1549 914 1619 obdura.

182 1743 323 1795 Vossisusss
333 1741 456 1790 leotioneur
467 1739 650 1802 amplectendam
662 1745 736 1804 putat,
748 1741 818 1788 modo
830 1756 873 1802 pro
883 1738 955 1806 effert
964 1742 1056 1804 legetur
1067 1740 1159 1792 obdura.
1185 1746 1240 1793 Ser·

183 1810 253 1860 vssit
262 1815 338 1857 tsrueu
349 1807 374 1854 iu
381 1812 449 1854 textu
460 1814 563 1855 sostrsus
573 1805 708 1854 leob'onern.
723 1805 846 1862 Heinsius,
855 1807 923 1867 eujus
932 1807 1049 1855 oelebnts
1056 1809 1080 1857 iu
1091 1811 1240 1858 emendandis

185 1875 310 1938 pubium
319 1871 470 1927 osrmiuibus,
483 1872 564 1918 uesoio
574 1885 621 1933 quo
634 1869 690 1928 isto,
706 1877 753 1919 ism
764 1886 845 1932 purum
861 1870 979 1934 ingeniolo
992 1888 1044 1920 meo
1055 1875 1165 1936 probatur
1173 1890 1241 1937 ssgs·
1318 1906 1321 1913 ,

184 1939 255 1995 asu,
266 1937 372 1986 eumen
382 1936 407 1982 in
415 1943 464 1984 nor.
473 1936 504 1982 sd
512 1935 564 1982 cst
575 1943 602 1982 su
611 1949 695 1997 quoquae
703 1937 806 1994 inpones
814 1936 903 1990 mma,
914 1933 970 1992 Nee,
981 1936 1111 2001 mssrgir,
1118 1947 1206 1988 sem.

220 2007 262 2051 14.
279 2002 337 2050 Cura
346 2001 458 2063 wguberis
473 2000 570 2058 auitum,
587 1998 784 2059 scelestarum
795 2000 898 2048 Vossius
912 2006 938 2047 et
952 2002 1156 2064 Csutebrigiessis.
1172 2010 1241 2052 setus

184 2067 260 2116 leutio
270 2065 316 2114 tuit
326 2065 393 2113 estis
402 2065 491 2112 muse
500 2073 563 2112 reete
572 2063 611 2112 sel
623 2071 678 2111 nete.
708 2062 813 2124 Souliger
823 2063 847 2111 iu
859 2078 902 2111 suo
914 2064 967 2113 Me.
978 2080 1035 2122 rere,
1051 2083 1100 2128 pue
1111 2067 1153 2114 tibi
1165 2075 1241 2116 nsum

184 2135 235 2181 *s
245 2133 269 2178 b.
280 2146 302 2181 e.
312 2130 399 2191 eogitu,
415 2135 493 2176 teoum
504 2135 595 2190 reputa.
616 2129 724 2176 Muretus
735 2142 767 2174 ex
778 2128 840 2175 libro
851 2129 951 2190 quodam
961 2130 1035 2177 veteri
1047 2131 1127 2179 effert:
1144 2132 1241 2189 moleste,

187 2211 238 2260 μ
244 2209 308 2244 ssse
318 2209 367 2258 pue
373 2193 415 2241 tibi
424 2201 498 2240 mmet
508 2195 573 2241 sieut
589 2192 683 2253 rslgstu
692 2192 764 2239 leutio
774 2193 861 2240 meu
871 2195 939 2241 tenet
961 2192 1073 2242 Heinsius
1084 2211 1129 2258 pso
1139 2196 1243 2246 iiberali-

186 2267 237 2308 tste
247 2275 304 2307 sus:
321 2274 374 2306 oum
381 2258 493 2320 rogaberis
502 2258 578 2315 nullu,
589 2257 692 2314 Scebstn,
703 2257 777 2304 natta
787 2273 835 2320 que
845 2259 885 2306 titi
893 2266 968 2307 munet
976 2261 1040 2308 utut
1058 2261 1105 2317 set,
1116 2275 1168 2309 curs
1175 2270 1247 2329 rugso'

187 2325 246 2374 luis
256 2324 326 2379 eslii,
336 2322 439 2376 Scelesta,
448 2331 541 2370 noetess.
757 2330 760 2337 ⁴

223 2392 264 2439 19.
281 2388 412 2436 Mamur
421 2386 521 2434 Vossius
536 2401 589 2433 osm
605 2386 720 2448 plurimis.
736 2393 838 2436 nostrum
850 2387 974 2438 leotiouem
985 2388 1091 2437 defendit
1102 2387 1208 2453 Souliger
1217 2397 1246 2440 et

189 2455 248 2503 GU·
257 2452 324 2503 sone
335 2451 435 2498 vomitu
445 2452 470 2498 ln
480 2449 535 2500 Ano
547 2466 619 2513 sm·
630 2451 672 2499 libs
682 2453 719 2502 fle
731 2467 752 2499 0·
765 2455 804 2500 ¹4·
1227 2480 1230 2487 ¹

184 2596 243 2645 loeo
252 2601 278 2644 et
288 2594 318 2643 sd
329 2594 475 2655 ooujeoturss
487 2593 639 2655 ooulugeruut
657 2591 693 2641 iu·
744 2591 873 2642 Oelolituro
882 2593 1035 2642 muralium
1044 2594 1229 2658 ainuuNeeru,
1244 2590 1250 2603 '

188 2673 306 2731 tapetes
317 2666 378 2730 [sid.
389 2666 445 2713 Ver.
455 2665 532 2728 leot]
545 2668 586 2714 sed
600 2682 646 2714 nou
655 2682 694 2715 oe·
744 2663 814 2723 Num,
825 2669 844 2713 si
855 2667 908 2729 quid
918 2668 944 2714 in
956 2665 1036 2715 linceo
1046 2669 1091 2715 oiri
1097 2678 1137 2725 est,
1247 2660 1250 2667 ’

188 2740 256 2805 pisse
268 2740 378 2788 ridentur
386 2739 523 2800 impotentes
529 2741 577 2800 jsm
589 2739 637 2787 diui
652 2741 695 2787 lro·
745 2736 866 2802 Nunferet
876 2740 977 2786 assiduus
982 2741 1063 2800 potiori
1074 2747 1095 2788 ts
1103 2741 1156 2789 dure
1167 2749 1247 2799 nocta,

188 2812 276 2862 misen
285 2812 444 2867 invenustum,
458 2811 499 2872 qui
513 2810 571 2858 nibil
582 2811 606 2859 iu
615 2827 695 2859 amors
746 2809 866 2872 thuaeret
875 2813 947 2859 iratus
952 2812 1246 2876 paren-Qunmregses

190 2885 256 2935 velet
264 2884 376 2949 etpollet,
381 2883 423 2945 qui
432 2882 538 2943 rejicitur
546 2890 570 2931 et
577 2885 695 2945 repulssm
743 2885 775 2931 ris
786 2884 861 2940 nullo,
873 2884 973 2941 Seeleau,
990 2894 1062 2943 noete,
1076 2887 1100 2934 h.
1111 2902 1132 2934 e.
1143 2887 1175 2934 de
1185 2886 1254 2934 nulls

189 2959 247 3007 t’est.
280 2957 361 3006 Potens
382 2964 463 3004 ooutrs
482 2962 526 3012 est,
543 2956 585 3017 qui
603 2955 661 3004 felix
671 2963 696 3004 et
744 2963 822 3004 uoote.
854 2955 1063 3019 &resupnum
1081 2958 1254 3012 Qunam

189 3029 324 3078 summias
344 3034 382 3077 est
402 3027 427 3076 io
447 3042 535 3076 smure.
564 3027 623 3076 iuirs
641 3029 696 3076 Cur.
745 3037 783 3076 aet
794 3029 860 3076 vito?
876 3045 946 3090 quam
956 3036 1035 3090 spreta
1046 3029 1071 3077 iu
1083 3037 1202 3092 posterum
1212 3030 1251 3080 si·

190 3101 222 3150 0.
232 3104 257 3150 8.
745 3101 805 3148 ses?
822 3102 923 3150 obserss
934 3117 1023 3151 mersere
1039 3103 1161 3152 admittere
1178 3102 1255 3153 stim·

226 3209 336 3287 dissutis,
348 3210 412 3268 culi,
425 3213 489 3261 eisin
499 3220 664 3275 umorepoteus.
686 3183 688 3187 Ι

227 3313 269 3359 11.
285 3309 329 3359 Sed
338 3311 450 3360 obstinato
459 3319 528 3358 mente
533 3309 617 3378 perfer,
627 3310 696 3358 obdu·

191 3397 240 3430 rs:
256 3381 359 3431 imltstus
370 3388 408 3431 est
419 3381 491 3430 oria
498 3380 582 3430 Amor.
593 3382 644 3430 111.
658 3385 697 3429 11.

229 3493 319 3560 Perfer,
330 3503 353 3543 et
362 3496 449 3543 obduro
458 3512 467 3554 ,·
483 3494 546 3543 dolor
556 3493 593 3541 bio
603 3493 644 3541 tibi

291 3568 460 3630 proderitolins.

192 3664 307 3714 ubdumrs
314 3671 351 3713 est
360 3664 461 3713 fflmum
468 3669 548 3711 onnus
556 3660 700 3725 uliquidmu·

194 3737 256 3795 uire,
266 3739 349 3787 duruss
359 3738 448 3794 heere,
456 3737 522 3785 tirsuo
530 3743 642 3798 etpsrsto
651 3734 702 3782 soi·

194 3825 237 3864 mo
248 3810 415 3872 eliquatam,
432 3815 538 3858 teusoem
550 3823 604 3856 esse
616 3822 702 3869 propo·

195 3881 248 3932 siti.
264 3881 327 3933 idem
338 3882 426 3931 dicitur
438 3881 498 3929 intrs
507 3898 530 3929 o.
542 3883 583 3929 76.
596 3881 671 3929 anino
681 3893 703 3926 ss

196 3951 313 4018 offirmare
322 3962 348 4005 et
357 3955 421 4018 apud
432 3953 491 4002 elios
502 3955 586 4001 durare
593 3954 702 4001 unimam.

233 4029 274 4074 12.
288 4025 350 4085 Vale,
365 4025 451 4088 puello,
461 4025 501 4073 sbi
514 4025 539 4072 iu
548 4025 632 4073 mslsm
645 4038 703 4071 reru.

198 4097 242 4147 Sio
256 4100 320 4164 χαῖρε
340 4100 403 4161 spud
414 4099 519 4146 Graeoos.
531 4098 561 4144 ot.
573 4096 656 4145 Deris.
673 4095 705 4143 sd

199 4169 252 4218 cio.
266 4171 296 4218 da
306 4172 363 4219 Nst.
375 4174 448 4218 Deos.
459 4171 515 4219 libr.
527 4170 548 4218 l.
562 4175 583 4216 1.
596 4169 640 4218 sub
652 4167 704 4215 flue.

235 4247 325 4301 14,15.
336 4243 368 4292 At
378 4252 405 4292 tu
415 4244 485 4294 dolel.
500 4241 614 4294 Similiter
621 4242 705 4291 llurst.

198 4315 279 4378 mpou.
290 4316 348 4365 XV.
360 4318 398 4365 11.

746 3188 827 3222 ossum
837 3174 939 3223 testium.
950 3175 1061 3237 exempla
1069 3177 1118 3224 sid.
1127 3176 1152 3224 iu
1162 3174 1255 3225 Sesoti's

746 3245 852 3295 Miners.
862 3248 899 3295 ΙΙ.
911 3252 935 3297 4.
942 3249 972 3296 ni.
985 3249 1081 3298 Ernesti
1089 3249 1186 3298 iuGlss.
1198 3248 1249 3298 Oio.

747 3333 768 3366 s.
779 3335 802 3368 s.
813 3335 909 3368 manem.
1252 3344 1258 3353 r

782 3395 822 3440 18.
839 3393 901 3448 Quoi
906 3395 987 3444 tubello
997 3396 1109 3444 mordebis.
1117 3396 1253 3458 trequentes

749 3471 805 3512 suut
820 3465 896 3527 polites
910 3467 935 3515 iu
951 3470 1159 3517 oommemorsudis
1175 3485 1253 3518 sussu-

749 3537 809 3586 tium
819 3538 993 3596 morsiuuoulis,
1007 3549 1116 3602 tunquam
1130 3542 1259 3591 ferventis*

750 3609 804 3658 simi
821 3611 908 3659 amoris
923 3614 1007 3675 siguis.
1023 3615 1072 3662 sid.
1088 3616 1208 3664 Psssesst.
1221 3614 1259 3663 si·

751 3684 860 3746 Propert.
869 3685 920 3732 111.
930 3687 954 3732 8.
963 3701 988 3747 p.
995 3688 1051 3735 451.
1063 3687 1213 3737 Brouokhss.
1223 3688 1255 3737 sd

750 3756 908 3806 Tibulle.
921 3763 960 3806 14.
975 3765 1000 3806 et
1012 3758 1093 3820 Soiop·
1111 3761 1142 3807 ad
1157 3762 1215 3808 Lus.
1231 3775 1257 3807 e.

752 3833 793 3878 87.
805 3846 831 3892 p.
839 3834 880 3881 92.
897 3831 1030 3880 Dminatus
1038 3840 1101 3880 seote
1112 3831 1256 3894 dieitur,uui

753 3904 823 3952 alicui
837 3906 874 3954 rei
888 3906 989 3961 devotus
1001 3912 1026 3951 et
1036 3904 1144 3952 sddiotus
1155 3911 1201 3960 est.
1215 3904 1262 3956 eui.-

752 3986 818 4027 oerts
827 3985 852 4026 et
859 3978 907 4026 fiss
918 3978 984 4026 sedet
995 3975 1116 4024 sententis.
1126 3991 1178 4024 usm
1189 3978 1261 4025 desti·

753 4066 810 4098 aare
823 4065 887 4113 serpe
900 4057 936 4098 eet
952 4049 1104 4103 eouetituere,
1120 4050 1257 4105 deseruere,

754 4129 782 4170 ut
800 4130 890 4171 nestum
906 4122 946 4170 sit.
962 4129 989 4169 ut
1006 4123 1142 4168 Graecorum
1160 4118 1257 4180 story·

755 4194 907 4244 ooustitutsm
915 4201 960 4243 est.
984 4193 1267 4260 Mniiqsmeusbstiw

755 4275 793 4320 tus
802 4276 899 4333 propter
908 4285 969 4319 sere.
980 4272 1019 4318 11.
1029 4282 1052 4317 s.
1060 4267 1091 4315 V.
1102 4267 1129 4313 1..

1117 4528 1341 4664 Α
