2872 4972
220 350 265 415 ae
466 353 505 419 C.
528 350 762 418 VALERII
793 348 1033 425 CATULLI
1091 380 1096 385 ·

514 611 776 697 canuam
809 613 991 699 xxxi.

494 799 540 846 en
557 780 751 849 smnrormu'
767 782 995 852 reremaneret.
1077 872 1083 879 ,

305 938 622 1015 Pantueunaeun,
636 937 770 1019 Sirmio,
785 940 1038 1031 insularumque

304 1047 434 1129 Ocelle,
448 1069 665 1139 quascunque
679 1050 714 1115 iu
728 1049 937 1140 liquentibus
960 1052 1112 1141 stagnis·

304 1158 463 1247 Marique
478 1166 572 1225 vesto
584 1149 659 1226 'fert
674 1168 817 1250 uterque
833 1161 1035 1250 Neptunus:

302 1268 411 1350 Quam
425 1276 460 1334 te
473 1268 631 1361 libenter,
643 1293 813 1365 quamque
826 1273 925 1339 laetus
940 1274 1067 1341 invisat

302 1378 374 1446 Vix
388 1381 433 1445 mi
448 1380 520 1467 ipse
534 1379 673 1445 credens
686 1380 854 1466 Thyniam
868 1391 971 1470 atque
986 1384 1152 1474 Bithynos
1252 1388 1273 1452 5

302 1489 462 1580 Liquisse
476 1512 620 1578 campos,
637 1498 672 1555 et
687 1489 802 1568 videre
815 1498 849 1558 te
865 1493 900 1558 in
914 1500 1000 1559 tuto.

303 1602 335 1667 Ο
347 1602 429 1690 quid
441 1601 561 1668 solutis
577 1609 629 1668 est
646 1601 778 1668 beatius
792 1584 904 1668 curis?

249 1791 359 1840 Exsultat
368 1807 417 1854 prae
433 1791 515 1840 letitia
527 1791 604 1856 pnite,
620 1807 674 1839 unm
688 1807 718 1838 ex
803 1794 827 1839 3.
847 1790 946 1856 Uterque
958 1791 1086 1855 Neptunus,
1102 1791 1276 1848 'uersantes-ee

215 1862 326 1924 Bithynia
341 1878 450 1912 reversus
467 1865 572 1913 villulam
584 1879 649 1912 suam
667 1872 720 1912 ante
770 1862 807 1910 ael
820 1862 953 1928 instipatum,
968 1866 1101 1933 stagnemnr
1113 1881 1216 1928 sequeno
1226 1883 1275 1915 me·

215 1936 297 1983 oeulos
313 1935 390 1991 videt,
405 1936 430 1983 in
444 1938 511 1998 eujus
524 1938 586 1995 sinu,
597 1935 662 1985 euris
679 1937 719 1984 ab·
770 1937 803 1984 ris
819 1938 879 1986 vasti
890 1949 987 2000 praeses,
996 1944 1022 1986 nt
1035 1944 1100 1986 reete
1109 1938 1275 2000 interpretetur

211 2008 283 2068 J'eetis
302 2007 418 2065 omnibns,
437 2009 540 2057 saeviter
556 2017 580 2057 et
596 2008 719 2071 tranquille
770 2008 879 2070 Vulpius.
888 2010 921 2057 el.
928 2010 1275 2073 Aristoph.1³tut.v.396‚39m

214 2094 277 2128 nunc
295 2081 434 2130 delitescere
451 2088 475 2130 et
492 2082 592 2131 animum
609 2098 678 2130 onere
695 2087 720 2129 et
770 2087 794 2129 et
809 2082 979 2144 ibiSpanhem.
1012 2085 1073 2131 Nem
1086 2083 1277 2145 quilectnmsit,

213 2152 333 2200 laboribus
352 2169 383 2200 ex
401 2153 485 2201 itinere
506 2154 594 2202 fessum
615 2170 720 2202 recreare
770 2154 832 2200 utin
848 2156 902 2203 loeo
913 2162 960 2202 tem
971 2154 1045 2211 claro,
1056 2159 1123 2216 eujus
1137 2148 1276 2220 interprete·

213 2225 488 2286 pessit.-Dnleissimos
500 2244 554 2275 saue
565 2229 609 2275 hoe
627 2221 717 2275 carmen
770 2226 856 2273 tionem
875 2221 959 2289 sperate
976 2221 1083 2275 'offemnt
1101 2227 1181 2275 addite
1203 2231 1277 2277 verbe

214 2313 247 2347 ex
257 2298 313 2355 vitae
323 2300 417 2347 restium
431 2301 542 2348 felicitate
555 2291 720 2363 enneipiendos
770 2299 795 2346 in
813 2300 898 2362 stagnis
908 2302 1017 2363 marique,
1034 2306 1080 2348 tem
1097 2302 1190 2363 egregie
1202 2297 1277 2348 balln-

214 2386 298 2418 sensus
306 2373 548 2434 propinatetexeitat‚
556 2382 580 2420 et
590 2373 720 2435 liquidisai·
770 2367 903 2419 sinerentur
920 2377 944 2419 et
961 2388 1035 2434 nugae
1053 2374 1182 2420 venderent
1203 2373 1276 2422 Scali-

214 2457 277 2491 mam
286 2443 359 2499 illam,
375 2460 428 2506 qua,
440 2444 478 2506 qni
491 2461 523 2493 ex
539 2445 719 2507 longelaborIo-
770 2459 820 2505 ger,
832 2445 932 2491 Vossius
953 2451 976 2491 et
993 2445 1043 2502 alii,
1053 2445 1095 2492 vix
1111 2443 1204 2506 assequi
1221 2461 1276 2506 poa-

214 2531 286 2578 aeqne
303 2517 492 2580 peregrinatione
514 2518 607 2565 domurn
629 2517 720 2567 reversi
770 2531 828 2562 snm.
861 2517 986 2577 Neptunus
995 2515 1149 2583 inenlaefert,
1160 2518 1183 2564 b.
1192 2533 1213 2564 e.
1225 2532 1275 2564 sue-

215 2588 292 2635 amuia
306 2588 342 2637 ibi
354 2589 431 2651 quiete
448 2596 472 2637 et
490 2590 621 2652 eomposita
631 2590 719 2653 reperi·
770 2588 827 2636 tinet
843 2588 910 2648 quasi
931 2588 1033 2635 humeris
1048 2589 1179 2651 impositae,
1193 2589 1218 2635 iu
1234 2605 1276 2651 po-

215 2668 265 2718 unt,
275 2662 436 2710 demulcentur
447 2663 576 2726 voluptate,
589 2663 684 2726 egregia
696 2653 721 2711 et
768 2666 854 2709 testate
861 2664 904 2709 'see
915 2663 985 2710 babet
996 2677 1023 2708 ae
1034 2662 1126 2725 dirigit.
1157 2661 1198 2709 Sia
1207 2659 1275 2723 eique

215 2733 278 2780 viris
289 2734 406 2782 coloribus
418 2735 538 2796 exprimit.
581 2764 584 2769 «
770 2734 831 2795 apud
838 2735 941 2781 Graeons.
953 2735 983 2781 ni.
992 2735 1093 2796 Interpr.
1106 2735 1136 2781 ad
1144 2734 1274 2781 montes-

249 2810 272 2852 1.
288 2804 371 2855 Sirmio
391 2808 456 2855 enirm
475 2799 617 2876 *amentatis
639 2807 720 2869 penin·
769 2813 824 2854 tam.
840 2808 864 2854 in
879 2808 956 2868 Epist.
979 2809 1009 2854 ad
1024 2808 1138 2862 Hebraeos
1153 2807 1175 2853 Ι.
1193 2809 1217 2854 3.
1234 2805 1273 2853 ubi

217 2879 268 2927 sule
277 2879 301 2927 in
311 2895 368 2942 agre
375 2880 505 2928 Veronensi
516 2881 546 2928 ed
556 2881 632 2929 lecum
641 2883 718 2929 Beue.
770 2880 879 2927 cbristus
900 2879 986 2927 dieitur
1007 2876 1072 2941 pigui
1093 2881 1124 2926 τὰ
1145 2879 1225 2926 maim
1243 2877 1277 2939 epi

216 2953 248 3009 ui,
267 2953 307 3015 qui
321 2969 382 3002 nuno
399 2953 463 3018 Lago
480 2955 504 3003 di
516 2953 596 3002 Gurda
614 2963 721 3013 venatur,
770 2951 852 3016 pipere
866 2953 904 3019 vac
923 2949 1031 3014 irrepens
1045 2949 1120 3020 sissi,
1136 2951 1158 2997 b.
1170 2966 1191 2997 e.
1204 2949 1277 2997 omni·

216 3025 271 3081 sita,
281 3026 322 3073 nbi
331 3026 445 3088 praedium
455 3027 536 3075 habuit
547 3027 660 3076 Catullus.
671 3027 720 3076 vid.
771 3018 875 3086 petentia
890 3040 933 3071 sue
944 3024 1021 3071 amnia
1036 3022 1102 3084 qnasi
1114 3021 1158 3073 sibi
1167 3022 1277 3083 imposita

218 3096 303 3144 Gellar.
315 3098 338 3145 in
347 3099 404 3146 Not.
415 3099 494 3160 Antiq.
505 3097 564 3147 Orb.
573 3099 602 3146 Τ.
614 3100 635 3146 Ι.
646 3099 687 3147 lib.
697 3104 721 3149 a.
771 3113 854 3158 regens
863 3103 887 3143 et
898 3096 1036 3157 gubernans.
1208 3156 1209 3160 Ἰ

217 3184 239 3216 ο.
249 3173 272 3218 9.
282 3185 306 3230 p.
317 3174 374 3219 639.
389 3171 456 3218 ocelle
470 3173 595 3232 optimust
609 3179 722 3234 praestan-
804 3171 828 3215 4.
846 3167 920 3221 Quam
933 3175 955 3214 te
973 3167 1073 3213 libentem
1106 3165 1147 3211 Sie
1168 3166 1275 3226 Ulyssem

217 3240 316 3298 tissima,
334 3241 452 3304 eleganter
476 3243 546 3299 euim,
567 3244 644 3301 aculis,
663 3258 722 3306 prae-
773 3254 826 3285 eum
839 3243 894 3298 poet
904 3236 990 3284 multos
1002 3237 1132 3291 exantlatus
1142 3237 1244 3293 laboret,
1252 3237 1276 3284 in

218 3312 361 3362 steatiesima
378 3312 482 3374 corporis
501 3315 575 3362 nostri
593 3319 668 3375 perte,
685 3330 723 3363 ree
773 3309 872 3372 petriam
883 3308 971 3356 rediret
979 3309 1091 3376 ithacam.
1204 3310 1207 3319 '

218 3384 423 3449 optimaeet'nobie
438 3385 565 3433 eariasimae
576 3388 722 3436 denotentur.
794 3417 857 3451 ·‚‚
891 3416 903 3451 s
1005 3430 1012 3449 ,
1182 3429 1189 3447 ,

218 3456 332 3507 Similiter
353 3457 437 3505 (lisere
458 3456 554 3505 villulas
572 3475 626 3506 enas
648 3461 724 3508 ocelim
773 3433 829 3496 XV?
857 3431 935 3481 [Μ’
957 3446 1005 3494 im
1032 3428 1118 3488 ‘mu'
1134 3445 1183 3493 μ’*
1204 3429 1275 3493 lma

219 3540 290 3596 venet
301 3529 387 3581 addit.
396 3531 468 3579 XVI.
479 3533 502 3580 6.
511 3539 536 3580 et
546 3531 581 3580 eiu
590 3548 653 3596 steps
661 3535 723 3597 apud
773 3574 780 3594 ‚
838 3501 1030 3594 “⁸⁸²³offmm
1067 3574 1074 3594 ,

220 3607 317 3654 Gnaeos
323 3602 390 3667 iisque
396 3600 537 3666 οῑὸφθαλμός
543 3604 572 3650 de
580 3605 651 3652 rebus
661 3621 724 3668 prm-
779 3576 899 3632 mm‘
910 3593 955 3626 ’Μ
966 3573 1026 3631 '3³⁶⁶
1036 3577 1145 3640 ‘'mi“

219 3676 369 3726 stentlaribue
393 3676 490 3724 dieitur.
523 3676 639 3724 Adrestae
661 3679 722 3741 apud
773 3679 836 3741 apud
846 3677 961 3726 insertum
972 3682 1090 3724 auetorem
1101 3675 1124 3722 in
1136 3673 1203 3722 Auel.
1221 3675 1276 3722 Vet.

219 3751 347 3800 Pindarum
365 3748 528 3811 Amphiaraum
544 3750 576 3796 ob
593 3749 723 3810 praecipuas
774 3750 802 3798 P.
823 3753 866 3798 Gr.
884 3748 1025 3797 Brnnkii'l'.
1036 3749 1085 3796 111.
1097 3763 1166 3796 emm.
1177 3747 1278 3815 xvttr.

220 3828 272 3887 ejus
284 3824 382 3871 virtutes
398 3827 468 3870 voest
476 3819 593 3885 ὀφθαλμὸν
602 3824 642 3874 τῆς
654 3840 723 3884 στρα-
774 3841 796 3886 p.
806 3827 862 3871 146.
1311 3852 1320 3869 .

219 3901 270 3950 asise
287 3897 382 3958 olymp.
400 3895 498 3943 V1.27.
519 3902 544 3942 et
555 3892 627 3943 trees
641 3892 723 3956 ὅφθιλ-
805 3898 829 3945 5.
848 3894 958 3958 tbqntan
984 3895 1034 3945 rid.
1061 3909 1127 3956 supr.
1149 3894 1178 3940 ed
1201 3895 1278 3949 Germ,

220 3967 264 4034 pie
274 3975 311 4017 eet
327 3983 378 4016 rosa
396 3967 459 4028 apud
478 3968 564 4015 Aebill.
574 3969 634 4014 Stat.
651 3968 722 4014 11.1.
773 3969 857 4018 XXV.
867 3971 892 4014 7.

221 4043 272 4090 vid.
291 4055 343 4103 qum
353 4046 439 4103 prester
448 4038 579 4089 victorium
590 4041 644 4087 Ver.
657 4041 722 4086 laeet.
806 4045 830 4091 6.
849 4040 877 4088 la
896 4050 946 4090 tute
964 4039 984 4089 ir
1001 4039 1109 4105 tesana,
1120 4055 1175 4087 nos:
1193 4038 1219 4086 ia
1236 4040 1280 4087 der

213 4114 272 4163 tx.
289 4118 312 4162 9.
322 4113 348 4160 in
359 4114 419 4160 bene
428 4127 479 4159 rem
490 4117 600 4160 tremunt
613 4111 724 4159 Bertbins
774 4115 852 4166 Rabe.

220 4188 246 4236 in
265 4188 367 4236 Adsere.
382 4201 406 4247 p.
428 4185 485 4234 516.
507 4192 532 4232 et
545 4186 671 4232 Burmann.
694 4186 724 4232 ad
806 4189 831 4233 t.
849 4185 935 4248 Oquid
946 4186 985 4234 sel.
997 4187 1017 4232 b.
1028 4199 1048 4232 e.
1068 4181 1210 4244 exquisitius
1220 4181 1279 4243 ipsse

222 4259 336 4320 Quinctil.
357 4261 381 4306 6.
400 4258 501 4307 Praoem.
514 4273 539 4321 p.
551 4261 608 4308 494.
618 4258 650 4306 ei.
660 4272 726 4320 supr.
775 4273 837 4306 eures
848 4258 1050 4314 reuertendum,
1062 4272 1114 4304 enm
1126 4254 1221 4316 proprie
1229 4256 1280 4302 ani·

222 4331 437 4382 adcumula
775 4343 825 4378 mas
843 4329 907 4378 auris
923 4330 1014 4377 solutus
1035 4329 1134 4378 Neuter.
1167 4328 1224 4389 lpse
1240 4327 1279 4375 Lt-
