2872 4972
191 333 277 399 xxvi
357 331 494 398 vrrs
525 308 564 397 a.
589 331 817 399 vesanam
849 332 1104 401 canuam.

191 517 319 584 Benaci
347 517 557 606 peninsulam
581 517 788 604 adloquitur,
814 518 856 582 ad
877 517 1001 582 Larem
1026 517 1247 586 domesticum

189 615 319 680 salvum
337 638 371 679 se
388 615 563 679 advenisse
579 614 714 700 gaudet.
761 615 873 679 Natus
888 623 939 679 est
956 612 999 693 (si
1018 615 1248 702 Hieronymus

189 710 354 778 rationem
371 720 461 776 recte
475 711 648 793 subduxit,
665 733 774 798 neque
790 714 919 776 numeri
935 713 968 777 in
986 716 1058 801 ejus
1074 713 1247 781 Chronico

189 804 365 894 depravati
392 816 484 890 sunt)
499 806 708 893 Olympiadis
726 808 797 872 173.
825 831 914 872 anno
929 811 972 891 2.,
998 812 1041 875 ab
1066 811 1150 875 urbe
1166 831 1247 877 vero

188 905 325 969 condita
332 907 406 970 667.
417 906 528 969 Lucio
540 906 642 969 Corn.
653 906 776 984 Cinna,
787 905 1002 972 CnOctavio
1010 907 1248 988 Cosa—Qua-

189 1003 337 1067 mobrem
355 1027 420 1068 non
442 1003 565 1089 injuria
580 1002 692 1067 Lilius
709 1002 898 1089 Gregorius
914 1005 1087 1089 Gyraldus
1103 1007 1248 1072 Petrum

191 1098 360 1165 Crinitum
386 1100 613 1188 reprehendit,
641 1101 731 1188 quod
752 1101 902 1187 ,scribere
929 1124 995 1166 non
1021 1103 1247 1169 dubitaverit:

184 1220 249 1283 pro
263 1211 422 1285 comperto
438 1200 558 1275 lraberi,
574 1221 701 1262 carmen
724 1202 761 1262 dc
779 1198 921 1263 Passere
935 1200 1065 1266 Lesbiae
1080 1203 1122 1266 ad
1139 1203 1172 1272 V
1170 1204 1249 1289 irgi-

187 1296 266 1362 lium
281 1297 529 1384 missamsuisse,
546 1297 585 1360 oh
601 1294 686 1359 illud
700 1295 867 1359 Martialis
878 1297 912 1359 :*
1125 1300 1127 1305 “

435 1468 482 1522 Sic
488 1469 589 1538 forsa-a
601 1478 673 1520 terres·
684 1484 761 1520 ausas
773 1477 810 1519 est
823 1465 941 1520 Catullus

434 1552 538 1622 dluguo
546 1551 647 1603 rru'ttere
660 1551 800 1602 Passerem
814 1549 932 1602 allaronr'.

187 1682 279 1748 Nam
298 1682 480 1746 verisimile
511 1704 578 1745 non
605 1691 667 1763 est,
694 1680 870 1745 Catullum
894 1682 1129 1767 septemdecim
1149 1684 1247 1752 anuis

185 1780 332 1845 Marone
346 1779 563 1867 grandiorem
587 1782 701 1856 (natus
716 1786 767 1843 est
782 1779 869 1843 enim
886 1778 998 1862 Maro,
1015 1787 1102 1844 teste
1120 1782 1247 1850 Hiero·

185 1898 285 1964 nymo
300 1900 339 1941 ac
355 1876 507 1959 Donato,
523 1875 725 1963 olympiadis
744 1877 815 1940 177.
834 1897 922 1940 anno
936 1877 980 1958 3,
1005 1878 1049 1942 ab
1065 1877 1148 1943 urbe
1163 1900 1248 1947 vero

185 1976 321 2040 condita
341 1975 429 2054 684,
456 1976 520 2040 Cn.
537 1975 706 2061 Pompeio
727 1974 868 2060 Magno,
893 1974 944 2040 M.
961 1974 1095 2040 Licinio
1121 1977 1249 2047 Crasso

184 2074 328 2161 primum
345 2075 457 2154 Coss.)
473 2074 581 2139 eidem
610 2073 719 2137 adhuc
745 2095 851 2161 puero
868 2081 997 2139 tantum
1013 2073 1187 2160 detulisse,
1210 2086 1247 2145 et

184 2172 318 2237 nonnisi
334 2174 444 2238 fronte
460 2172 633 2259 perfricta,
647 2171 827 2258 animoque
842 2172 1030 2255 obfirmato,
1042 2172 1086 2237 ad
1099 2177 1173 2262 eJ'us
1184 2178 1247 2243 tri-

185 2270 290 2336 bunal
309 2271 469 2335 accedere
495 2278 619 2356 posset.
666 2269 839 2333 Praeterea
864 2273 901 2336 τὸ
917 2274 1049 2355 forsan,
1076 2271 1169 2359 quod
1192 2283 1246 2343 est

183 2368 272 2457 apud
288 2368 496 2450 Martialem,
513 2367 702 2453 argumenti
719 2367 785 2431 vim
801 2367 937 2431 omnino
952 2367 1143 2455 infringit.†

232 2468 414 2533 l’arcntem
427 2465 546 2530 habuit
555 2464 744 2547 Valerium,
753 2485 796 2528 ex
811 2464 951 2553 honesta
965 2465 1091 2530 familia
1104 2468 1247 2536 munici-

185 2566 267 2653 pali,
282 2568 379 2655 cnjus
394 2565 550 2630 nimirum
569 2563 726 2649 hospitio,
747 2564 776 2627 si
790 2563 1031 2650 Tranquillum
1052 2567 1242 2657 audimus,‡

185 2664 227 2733 C.
244 2664 367 2731 dalius
383 2665 498 2731 Caesar
522 2663 570 2728 uti
596 2662 715 2727 solitus
741 2662 855 2727 fuerit.
904 2662 985 2726 Non
1005 2664 1245 2751 amplissimam

185 2763 321 2849 quidem
350 2761 525 2850 pecuniam
546 2759 707 2847 possedit,
738 2769 855 2846 utpote
879 2760 938 2846 qui
964 2762 1126 2827 sacculum
1148 2787 1245 2832 suurn

184 2882 377 2927 erronearum
382 2861 542 2949 plerumq
561 2859 706 2945 ingenue
723 2858 878 2935 fateatur,
895 2858 1105 2945 Furiumque
1121 2869 1157 2927 et
1168 2864 1244 2931 Au.

185 2959 305 3027 reliam
322 2960 411 3024 inter
433 2958 602 3046 principes
620 2954 802 3020 amicorum
821 2955 1074 3022 observaverit:
1093 2980 1244 3045 xquorum

184 3058 284 3123 alteri
300 3078 356 3121 nec
371 3078 491 3134 servas,
508 3078 565 3121 nec
581 3076 668 3138 arca,
684 3077 739 3119 nec
751 3055 854 3119 cimex
870 3063 940 3118 erat
950 3081 960 3118 .·
971 3053 985 3138 ΙΙ
1013 3054 1158 3121 alterum
1172 3081 1245 3125 esa·

185 3157 337 3221 ritionum
348 3156 509 3242 patremll
533 3154 607 3239 ipse
630 3151 750 3216 festive
773 3150 935 3238 appellat.
980 3151 1136 3240 Cumque
1159 3156 1244 3225 divi·

216 3354 231 3385 0
249 3353 302 3401 Lib.
313 3356 336 3401 4.
349 3350 424 3414 epigr.
438 3350 487 3397 14.1
738 3348 765 3396 lii
772 3348 844 3405 lama,
854 3363 899 3394 riou
914 3348 1047 3397 dubitasset
1057 3349 1243 3417 foratarum.

218 3431 229 3479 t
246 3426 317 3485 Quod
333 3424 450 3473 Martialis
465 3423 571 3486 scripsit,
591 3422 688 3487 Sirsor·
739 3421 760 3468 si
771 3429 821 3468 tum
833 3420 943 3478 risisset,
953 3436 1152 3483 passersmaoam
1162 3424 1242 3491 illijo·

183 3505 280 3548 saneto.
293 3495 689 3558 hocnonitapotastintelligi,sc
738 3494 937 3555 cosquemittere.
971 3497 1010 3543 Its
1019 3496 1133 3544 Martialis
1146 3494 1241 3561 quoqa&
1279 3554 1282 3559 Ι

185 3573 205 3619 si
226 3586 308 3620 revera
331 3571 360 3618 sd
371 3569 497 3632 Virgilium
516 3568 618 3616 carmina
637 3585 688 3625 aaa,
739 3569 912 3630 Epigrammata
926 3583 970 3614 sua
985 3569 1018 3615 ait
1035 3585 1061 3616 aa
1077 3570 1162 3620 offerre
1173 3572 1241 3621 Silio.

185 3644 223 3693 rol
234 3643 368 3692 carneade
379 3644 489 3699 maure.
507 3642 597 3690 miserit
608 3643 687 3690 Catul-
737 3641 775 3688 Jo.
786 3641 863 3688 isaaci
877 3640 976 3687 Pontaoi
988 3647 1064 3687 autera
1075 3650 1099 3689 at
1113 3644 1241 3692 Boxloeaii

183 3717 240 3775 los;
265 3730 318 3764 nara
334 3715 421 3776 alioqui
441 3728 487 3761 aaa
507 3714 607 3762 dixisset
624 3715 687 3761 Mar·
737 3712 773 3776 (o.
787 3717 826 3762 ³5.
839 3718 923 3774 quast.
934 3711 1020 3776 Rom.)
1031 3714 1184 3763 hallucinatio
1199 3717 1241 3764 tri·

184 3789 256 3844 tialis,
271 3791 304 3836 sic
312 3787 414 3852 forsan:
430 3787 472 3833 ssd
490 3787 554 3847 qnod
569 3786 687 3834 Mmtislis
739 3788 831 3834 boanda
848 3786 932 3833 calami
949 3786 1101 3844 festinationi,
1120 3788 1239 3837 Catullum

185 3875 229 3909 sss
239 3861 341 3909 voluerit
357 3861 532 3921 Epigrammata
544 3874 597 3906 aum
605 3858 686 3907 (lual-
738 3859 842 3906 armati
868 3858 986 3919 juniorem
1008 3860 1152 3910 facientium.
1184 3862 1238 3927 (Ex

184 3932 261 3988 lisois,
272 3940 297 3980 at
305 3933 397 3986 Siliam,
405 3932 436 3978 ad
444 3946 513 3992 quem
522 3930 612 3988 scribit,
622 3947 686 3979 aora-
737 3930 794 3978 edit.
804 3931 904 3992 Bipont.
914 3945 939 3991 p.
952 3931 1006 3995 14.)

184 4018 267 4065 panse
289 4018 342 4051 sam
362 4004 460 4050 Musae
472 4018 480 4060 ;
502 4004 561 4050 licet
578 4010 686 4051 accurata
769 4003 983 4059 tintinnare.

184 4076 301 4137 loquenda
315 4092 361 4124 noa
375 4079 424 4137 J'am
442 4076 476 4123 ita
486 4076 597 4123 clamarit
607 4076 687 4138 Virgi-
769 4077 783 4137 §
797 4077 876 4123 carm.
890 4079 929 4125 1&

184 4144 241 4205 lias,
250 4164 304 4197 au
310 4150 417 4197 cautius
427 4148 550 4204 scaberet,
557 4149 621 4196 atad
632 4164 686 4196 aun
770 4149 782 4213 ΙΙ
797 4149 875 4196 Carm.
889 4153 929 4198 23.

184 4218 277 4269 ulisse
287 4222 390 4269 camin
400 4221 613 4282 assorsdipassit.
637 4222 685 4270 Sed
769 4223 788 4278 1
810 4226 886 4271 carra.
898 4227 937 4270 21.

184 4302 361 4358 qmtaeasqas
374 4295 444 4342 stiam
454 4293 538 4341 temus
551 4292 596 4340 tait
606 4294 687 4357 virgi,
