2872 4972
198 334 269 405 w
449 334 490 399 C.
514 331 746 399 VALERII
774 329 1018 396 CATULLI

421 515 629 599 concubine,
644 513 745 581 bodie
760 522 862 602 atque
877 513 972 579 beri:

421 625 525 691 Nunc
538 633 633 691 tuum
641 695 644 700 ,
652 626 839 699 cinerarius

422 736 559 803 Tondet
573 758 621 809 os.
664 736 784 820 Miser,
798 737 842 801 ah
858 735 957 800 miser

422 846 632 930 Concubine,
645 867 746 914 nuces
761 847 813 914 da.

509 958 644 1027 Diceris
659 958 746 1031 mele
762 966 796 1024 te
819 980 840 1023 a
855 957 921 1025 tuis

424 1067 643 1156 Unguentate
658 1070 785 1158 glabris
800 1068 919 1134 marite

422 1179 602 1247 Abstinere
616 1207 623 1246 :
648 1181 714 1250 Sed
728 1179 870 1246 abstine.

424 1291 465 1355 Io
481 1292 614 1376 Hymen
636 1291 820 1377 Hymenaee
843 1290 888 1372 ic,
975 1275 978 1282 ’

357 1459 359 1464 .
424 1400 465 1467 Ιο
482 1402 614 1487 Hymen
631 1401 825 1488 Hymenaee.

512 1511 642 1577 Scimus
658 1512 728 1578 baec
743 1511 817 1595 tibi,
832 1533 907 1598 quae
923 1509 1037 1592 licent,

1202 1397 1262 1462 145

205 1640 280 1719 letum
292 1675 337 1718 est.
369 1671 422 1720 dam
434 1685 491 1719 vero
505 1672 591 1732 hospes
603 1673 671 1734 plane
685 1679 709 1720 et
719 1673 855 1734 peregrinus
868 1670 892 1717 in
903 1669 990 1718 Catulli
1001 1668 1144 1716 carminibus
1159 1668 1200 1724 sit,
1215 1666 1263 1729 qni,

208 1743 351 1797 quantopere
362 1737 450 1784 Noster
460 1735 650 1785 diminutivorum
662 1753 706 1785 usn
716 1738 856 1793 delectetur,
867 1743 891 1783 et
903 1751 971 1797 qnam
981 1735 1054 1781 multa
1067 1733 1112 1780 ulie
1124 1733 1264 1780 diminutiva

209 1801 272 1861 apud
292 1801 366 1849 solum
384 1800 500 1848 Catullum
518 1801 634 1862 legantur,
653 1802 750 1850 nesciat.
782 1803 893 1849 Fortasse
907 1809 984 1848 autem
1003 1800 1032 1845 ab
1048 1798 1179 1860 ignorantia
1194 1797 1264 1847 libra·

208 1864 305 1921 riornm,
323 1865 407 1926 quibus
421 1867 501 1927 ignota
512 1873 536 1912 et
546 1867 650 1914 inaudita
661 1877 724 1915 esset
735 1882 784 1914 vox
797 1866 880 1921 cilicii,
898 1866 976 1912 notius
994 1864 1134 1910 vocabulum
1151 1864 1265 1911 substitu-

208 1935 314 1977 tumeat.
347 1931 400 1976 Non
417 1930 523 1978 dubitavi
538 1930 611 1992 igitur
625 1932 747 1980 lectionem
763 1930 885 1978 corradini
901 1929 1024 1977 Smdcbuut
1040 1927 1266 1987 mitridaticum

205 1995 255 2055 J'am
270 1994 296 2041 iu
312 1994 415 2042 editione
434 1995 581 2058 Gottiugensi
598 1999 671 2046 1⁷62.
690 1997 819 2044 exhibitam
837 1995 917 2049 video,
934 1993 958 2039 in
973 1999 1061 2039 textum
1081 1992 1196 2051 recipere,
1213 2007 1265 2053 qum

208 2058 299 2136 silorte
311 2059 364 2107 eliis
374 2060 532 2122 displicuerit,
547 2061 615 2110 fecile
626 2077 678 2108 cum
696 2061 805 2123 vulgatis,
815 2066 879 2122 'quas
896 2057 1013 2116 recensui,
1029 2056 1155 2120 permutari
1170 2057 1265 2116 poterit.

207 2123 403 2236 mmmmm
413 2189 534 2236 Corradin.

241 2256 380 2304 146-2148.
398 2253 450 2306 Qua
461 2253 529 2300 liccat
540 2253 732 2317 Scaligae-coelibi
744 2252 785 2300 sclt
795 2252 886 2314 cognita
897 2248 1045 2299 Passeratius
1056 2247 1081 2295 iu
1093 2248 1265 2310 exemplaribus

209 2316 368 2373 Memmiauis,
385 2319 455 2373 unde,
472 2318 493 2364 si
509 2319 597 2366 vetusti
613 2318 711 2378 alicujus
721 2316 862 2378 exemplaris
878 2315 1017 2362 anctoritate
1033 2313 1112 2361 fulciri
1124 2314 1200 2373 possit
1215 2315 1265 2361 liceo

210 2381 291 2438 lectio,
305 2382 421 2428 Catullum
433 2382 531 2431 fortasse
542 2382 669 2442 scripsisse
680 2387 748 2442 putet
758 2380 871 2439 Vossius,
887 2380 973 2428 Scimus
989 2378 1034 2427 lucc
1045 2379 1086 2426 tibi
1101 2379 1172 2426 coelibi
1187 2386 1210 2426 ct
1224 2379 1266 2425 soli

209 2445 911 2560 ttdl’ltldlltdt?{bttttttlltlstt
922 2444 967 2556 fd
973 2443 1267 2570 i‘tttttttssitss'i

209 2543 332 2637 impresbia
343 2582 450 2638 apparet,
462 2581 485 2623 et
494 2526 627 2625 reatibus
637 2591 729 2639 qnoque
741 2581 833 2624 servate
843 2525 1008 2622 eet'aqussio.

210 2712 306 2762 eximet.
323 2713 424 2776 Egregie
435 2713 628 2762 antcmhaeolcci
640 2713 712 2762 nostri
762 2730 816 2763 vum
833 2713 941 2762 maritum
954 2713 1054 2760 decebat
1071 2712 1196 2774 unguentis
1207 2712 1266 2760 deli·

210 2784 338 2848 expliostio
350 2789 496 2835 confirmatur
505 2787 559 2834 loon
576 2787 680 2836 Martini.
691 2789 712 2835 Ι.
762 2787 845 2835 butum
856 2793 934 2848 caput.

211 2862 252 2908 33.
263 2860 287 2907 5.
305 2858 368 2907 Dum
378 2860 446 2907 nullo
456 2861 528 2908 tenui
544 2860 662 2907 sordent
679 2861 713 2908 lu·
796 2859 918 2906 146-51.
934 2857 1020 2904 Scimus
1032 2855 1078 2903 lraec
1089 2855 1187 2904 tibicet.
1208 2857 1266 2904 Sen-

211 2933 298 2996 nugius
307 2931 489 2980 uultus-bodie
503 2940 571 2995 atque
589 2932 645 2988 tert,
656 2933 680 2980 b.
691 2948 713 2980 e.

211 3021 287 3066 nuper
298 3006 336 3053 vel
349 3005 415 3054 brevi
427 3005 602 3067 indatempore.
614 3002 669 3071 χθὲς
677 3005 713 3052 sai

212 3078 311 3142 τήμερον,
316 3076 418 3143 χθὶςκαὶ
426 3079 507 3142 erpoini.
516 3080 565 3128 rid.
571 3080 602 3127 de
610 3078 714 3142 baopro·

214 3151 312 3207 yerbiuli
320 3151 438 3199 locutione
447 3150 597 3199 Gatacloerad
606 3152 715 3200 Antonin.

213 3224 253 3275 X.
268 3225 293 3269 7.
311 3237 336 3282 p.
349 3226 406 3272 292.
426 3221 553 3286 Wesscling.
570 3223 601 3270 ad
616 3225 715 3272 Diodor.

215 3295 289 3349 dicul.
302 3295 342 3342 lib.
354 3295 391 3342 11.
402 3311 424 3342 c.
434 3295 458 3342 5.
471 3301 495 3342 et
511 3297 540 3342 ad
553 3296 669 3343 Herodct.
680 3298 716 3344 Il.

216 3371 257 3419 53.
270 3385 292 3431 p.
304 3367 528 3416 idm—Cinnamus
539 3368 576 3414 rel
587 3367 664 3432 ciuiflo
675 3384 717 3416 vo·

149 3498 152 3503 ,
215 3441 329 3489 orbantur
343 3439 415 3495 servi,
431 3438 473 3501 qui
491 3439 630 3488 calamistris
646 3441 670 3487 in
683 3439 717 3487 oi·

204 3524 272 3562 trare
287 3512 405 3560 calefactis
423 3512 487 3560 herm
501 3512 610 3576 capillum
630 3513 718 3574 crispa·

214 3584 282 3634 bunt.
293 3584 341 3633 vid.
353 3584 460 3639 Vossius,
468 3582 508 3646 qui
519 3599 551 3631 ex
559 3583 661 3633 Martial-
669 3586 717 3632 XI.

213 3656 301 3717 ,78.,4.
317 3657 397 3713 docet,
411 3656 552 3705 concubinos
567 3673 613 3704 non
631 3657 722 3719 mariti,

216 3721 246 3778 ¹nt
259 3730 357 3792 putebat
368 3730 483 3785 Muretus,
494 3729 537 3776 ried
549 3734 623 3776 'nosce
640 3721 719 3790 nuptae

215 3875 251 3925 cb
258 3876 331 3933 minc,
337 3872 496 3938 circuncirjem
503 3876 554 3936 ejus
563 3873 640 3923 vicem
646 3872 718 3920 dolet.

252 3950 310 3996 141.
322 3945 526 3995 Dicericmoleoet.
542 3945 616 3994 Aiunt
624 3944 719 4009 quidem

217 4018 334 4083 boninus,
349 4018 412 4066 haud
423 4018 491 4067 imile
505 4025 530 4067 ta
543 4018 719 4080 impetraturum

220 4107 274 4140 esse
285 4106 299 4138 a
308 4089 407 4138 libidine
415 4096 455 4138 tua
465 4091 518 4149 boo,
529 4098 555 4139 nt
563 4091 587 4139 in
599 4099 720 4153 posteram

216 4163 336 4217 ‚ebstiaeas
360 4176 373 4208 a
397 4162 507 4210 mollibus
531 4172 556 4211 et
576 4163 720 4211 imberbibus
768 4205 769 4208 ,

763 2943 816 2981 sus':
838 2931 911 2993 probe
922 2930 1016 2992 quidem
1032 2929 1128 2985 scimus,
1139 2936 1163 2977 te
1174 2929 1205 2977 iis
1216 2937 1266 2977 tcu-

763 3013 813 3054 tum
824 3005 870 3052 bno
879 3018 953 3064 usque
965 3001 1050 3048 amoris
1061 3000 1188 3050 indulsisse
1200 3003 1266 3065 inep-

763 3078 814 3134 tiis,
830 3093 882 3139 qnae
903 3077 989 3123 cadunt
1004 3073 1029 3120 in
1045 3075 1154 3135 juvenes,
1170 3075 1267 3125 liberius

764 3157 817 3200 aute
841 3149 935 3210 nuptias
958 3146 1054 3195 vivendi
1075 3154 1192 3207 potestate
1212 3165 1268 3210 gau.-

764 3225 847 3271 dentes
858 3222 892 3284 [b.
903 3237 924 3268 e.
936 3225 961 3268 te
972 3235 1019 3266 non
1030 3217 1075 3265 nisi
1086 3219 1165 3280 pueris
1174 3221 1269 3267 nierito·

764 3296 808 3344 riis
832 3295 861 3341 ad
887 3292 1027 3353 explendam
1050 3292 1168 3339 libidinem
1192 3294 1267 3340 adbuc

767 3383 834 3416 usum
853 3367 927 3430 esseJ.
942 3364 1032 3412 iisdem
1052 3372 1129 3412 tamen
1146 3380 1206 3413 nnuc
1221 3366 1268 3413 tibi

765 3440 848 3488 marito
859 3437 959 3500 amplius
970 3437 1092 3499 indulgere
1104 3454 1149 3485 non
1161 3439 1223 3488 licet.
1239 3441 1268 3488 In

766 3512 864 3559 eandem
881 3511 931 3557 tere
947 3509 1085 3557 sententiam
1101 3511 1162 3571 apud
1181 3513 1268 3559 Teren-

766 3584 824 3632 tium
838 3583 903 3630 Simo
914 3582 943 3629 nd
956 3583 1049 3628 Davum
1061 3582 1090 3628 de
1102 3581 1159 3639 filio,
1170 3584 1207 3631 cui
1225 3600 1268 3631 nx-

767 3671 831 3721 orem
842 3655 941 3702 daturus
953 3659 999 3710 est,
1007 3653 1080 3701 Andr.
1092 3659 1116 3701 1.
1126 3658 1153 3709 2.
1163 3660 1202 3705 17.
1258 3704 1262 3714 ,

767 3854 769 3859 “
831 3846 921 3896 attinet.

769 3918 833 3967 Dum
844 3928 928 3979 ternpus
937 3919 968 3966 ud
983 3933 1032 3966 eum
1040 3934 1087 3967 cem
1098 3912 1162 3976 tulit,
1175 3918 1227 3978 s'ici,
1241 3930 1271 3970 ut

832 3993 934 4038 animum
944 3992 1036 4052 eaplcret
1047 4005 1127 4038 suum.-

770 4060 839 4111 Nunc
849 4063 884 4110 bic
890 4063 985 4127 dies(sc.
994 4060 1117 4126 nuptialis)
1124 4063 1193 4110 olium
1201 4063 1269 4114 uitem

833 4134 918 4201 adfert,
929 4137 983 4184 ulios
993 4151 1061 4183 mores
1066 4135 1172 4196 postulat.

215 3800 459 3865 jmromffujm,
471 3801 719 3863 ,dpev„1p‚„M5m
767 3775 870 3845 .-N⁰''¹›
880 3775 938 3839 quod
948 3772 1118 3840 antcbocsecr't,
1127 3774 1186 3824 nibil
1195 3776 1226 3824 ad
1235 3792 1269 3824 mc
1357 3772 1362 3781 '

215 4233 310 4299 ,poeria
326 4233 369 4281 sed
380 4233 470 4282 abstine
487 4232 720 4298 quassu-vnguen-
768 4233 881 4298 ι(ἷοςιιίὶατ
893 4248 1020 4298 cognoscere
1031 4233 1055 4291 in
1066 4249 1090 4281 re
1102 4233 1208 4282 Veneres
1220 4235 1270 4283 rid.

217 4315 281 4371 tcta:
292 4320 346 4369 nam
357 4305 396 4354 die
406 4306 507 4369 nuptiali
517 4307 555 4356 vel
566 4307 668 4356 maxime
679 4321 721 4355 uo·
771 4305 875 4355 Davisius
886 4289 915 4354 cd
929 4305 1009 4355 Ccccr.
1022 4307 1052 4366 B.
1069 4309 1100 4355 G.
1118 4307 1160 4355 Vl.
1172 4312 1212 4358 21.
1228 4309 1271 4357 ubi
