2872 4972
332 355 806 423 OBSERVATIONES
836 355 1093 423 CRITIGAE.
1196 356 1241 421 19

183 550 340 619 utromque
361 540 459 611 male3
473 560 640 621 quanquam
653 560 708 620 pro
720 541 815 602 altera
834 541 1031 620 explicatione
1044 541 1127 620 plura
1139 558 1242 600 exem·

183 633 243 713 pla,
258 644 391 694 anostro
415 633 482 694 loco
503 634 659 693 mammam
681 645 797 713 partem
819 634 925 704 aliena,
945 634 1040 694 affert.
1081 633 1241 712 Nunquam

185 726 302 806 ponitur
316 747 385 785 unm
397 746 450 805 pro
471 727 628 804 quidam,
650 737 684 784 ut
696 726 785 805 vulgo
804 725 943 785 creditur.
987 727 1097 785 Praeter
1120 725 1245 803 primam

184 817 439 897 significationem,
461 817 641 877 numeralem
655 817 734 890 dico,
746 818 870 877 verbum
889 837 957 875 aare
976 817 1055 876 hanc
1074 817 1166 875 habet
1184 814 1245 876 vim

184 928 340 989 usumque,
354 921 387 969 ut
401 910 600 989 praestantiam
613 921 704 989 atque
715 910 932 981 excellentiam,
945 909 1035 969 velia
1048 928 1081 968 re
1094 909 1162 989 ipsa,
1172 927 1243 969 con·

158 996 310 1075 'tentam
333 1003 380 1062 vel
399 1023 466 1063 cum
489 1002 552 1062 ahis
574 1013 786 1082 comparatam,
809 1001 932 1067 indicet.
973 1005 1044 1069 Quo
1057 1002 1102 1073 fit,
1112 1012 1145 1060 ut
1158 1001 1243 1073 etid,

185 1094 267 1174 quod
276 1095 424 1174 integrum
434 1114 471 1154 ac
481 1093 647 1174 perfectum
662 1106 718 1168 est,
729 1107 760 1154 et
773 1095 813 1166 id,
824 1095 903 1174 quod
913 1095 976 1154 aliis
989 1104 1120 1174 praestat,
1130 1093 1245 1154 dicatur

186 1207 303 1249 saum.
350 1187 441 1247 Vario
460 1188 548 1246 modo
571 1207 639 1247 cum
660 1187 723 1248 aliis
743 1189 841 1248 verbis
861 1193 1048 1262 conjunctura
1071 1188 1246 1267 plerumque

187 1279 332 1360 eprIcari
352 1291 451 1360 potest
470 1299 524 1359 pet
546 1282 621 1351 adeo,
639 1291 668 1339 et
687 1282 801 1359 quidem,
823 1292 905 1358 atquc
919 1283 1011 1340 etiarm
1053 1281 1104 1341 sto
1124 1281 1247 1361 opponiq

187 1382 237 1431 tur
246 1372 292 1434 rel
306 1373 448 1452 pluribus,
458 1372 505 1431 vel
516 1371 673 1452 plerisque,
685 1374 874 1433 velomnibus
888 1384 977 1452 atque
991 1372 1144 1432 universis.
1167 1373 1246 1432 Satis

187 1476 268 1525 notre
289 1476 358 1526 sunt
373 1465 491 1526 dicendi
514 1464 627 1536 formae,
649 1474 669 1503 “
682 1487 758 1526 nnus
782 1466 1010 1536 omniomnnus
1030 1486 1068 1526 ex
1082 1466 1246 1528 omnibus”

190 1558 312 1639 (cuod.
327 1558 393 1620 I.5.
415 1558 480 1619 Cic.
494 1559 533 1618 ad
546 1557 605 1617 div.
617 1559 655 1625 V,
670 1565 717 1622 16.
731 1559 812 1619 XVI.
830 1563 877 1632 l.).
908 1558 1102 1637 Conjungitur
1117 1579 1248 1618 cum-su-

187 1650 331 1731 perlatiro
350 1657 428 1724 (com
450 1671 503 1710 oso
512 1651 672 1729 fortissimo
682 1653 752 1722 ciro,
766 1652 787 1712 i.
801 1672 830 1712 e.
845 1670 911 1711 cum
927 1652 989 1710 viro
1010 1651 1173 1730 etquidem
1187 1651 1246 1710 for.

189 1742 312 1814 tiasiarc,
324 1732 387 1804 Cic.
398 1743 438 1803 ad
448 1743 507 1804 div.
518 1745 585 1804 XV.
595 1747 643 1804 19.
655 1744 680 1803 1.
689 1745 885 1807 9.·-Plautus
895 1744 984 1804 Troe.
996 1744 1040 1803 II.
1055 1750 1083 1805 l.
1095 1736 1249 1806 39--Via

189 1837 321 1918 gitffin
337 1837 476 1914 11466.)
501 1838 547 1897 vel
571 1857 640 1897 cam
663 1839 858 1917 comparativo
880 1837 1001 1912 (Catuli.
1015 1837 1114 1897 CVII.
1124 1837 1179 1914 6.),
1200 1837 1248 1896 veI
1302 1847 1308 1851 '

193 1947 262 1990 cum
277 1927 376 1990 verbis
398 1931 506 2006 aliquis,
535 1933 652 2008 qnidam,
673 1930 723 1990 ubi
745 1931 853 1991 ceteris
867 1931 912 1990 vel
934 1931 1067 1989 omnibns
1085 1931 1248 2010 opponitur,

191 2021 240 2081 vel
258 2041 328 2081 cum
346 2021 532 2081 substantivis
554 2023 660 2094 verbis,
682 2023 788 2103 quibus
809 2023 886 2082 hanc
908 2023 965 2081 va
986 2023 1078 2094 addit,
1102 2033 1135 2081 ut
1152 2023 1247 2094 notio,

193 2132 283 2194 qoam
292 2125 409 2184 vocant,
423 2113 558 2192 perfecta
572 2125 602 2177 et
615 2115 708 2194 magia
722 2115 866 2174 adstricta
878 2115 939 2186 fiat,
954 2114 974 2175 i.
983 2133 1010 2174 e.
1021 2125 1055 2173 ut
1068 2135 1125 2187 res,
1139 2115 1179 2183 de
1189 2135 1249 2194 qua

192 2207 297 2286 egitur,
311 2206 453 2266 ambitum
464 2207 544 2266 verbi
557 2209 738 2287 completum
751 2207 911 2268 contineat.
953 2208 994 2267 Et
1002 2207 1046 2269 sic
1060 2208 1166 2267 dicitnr
1179 2230 1250 2267 aare

193 2300 378 2377 caprimtgn
402 2299 465 2372 (aa
486 2292 590 2376 gonzer
607 2299 838 2380 Sctoojtaectt).
879 2300 995 2360 Eodem
1012 2300 1106 2362 modo
1124 2301 1189 2360 Cic.
1208 2301 1249 2360 de

192 2403 270 2454 orat.
283 2392 309 2451 Ι.
322 2395 390 2461 29.;
420 2397 439 2425 “
452 2390 501 2468 qui
520 2391 598 2451 sicut
624 2412 717 2451 naus
735 2391 945 2471 paterfamilias
967 2393 1012 2451 Iris
1034 2392 1071 2451 de
1093 2394 1182 2452 rebus
1204 2393 1249 2451 Io.

193 2484 294 2563 quor.''
342 2482 455 2550 Quodsi
483 2485 603 2542 verbum
630 2504 699 2542 aaut
727 2484 771 2558 Iris
797 2484 1056 2563 significationibus
1081 2485 1248 2556 adhibetur,

194 2576 273 2655 apud
286 2574 438 2654 prosaicos
455 2575 609 2654 scriptores
629 2577 723 2635 bonos
744 2595 860 2655 semper
878 2588 947 2636 ante
965 2579 1097 2647 verbum,
1121 2597 1249 2654 quocum

195 2667 392 2746 conjungitur,
404 2667 474 2746 poni
488 2667 573 2727 solet.
602 2669 632 2726 A
643 2668 749 2747 poiitis,
764 2667 894 2748 inprimis
909 2688 927 2727 a
941 2669 1073 2747 Virgilio,
1088 2668 1144 2728 hoc
1157 2669 1251 2748 negli-

195 2761 284 2840 gitur,
299 2769 331 2820 et
344 2760 391 2819 ael
405 2759 490 2819 metri
504 2760 627 2832 ratione,
640 2761 689 2820 vel
709 2760 774 2840 ipsa
794 2760 975 2840 negligentia
994 2761 1126 2820 eremari
1143 2772 1252 2840 potest.

105 2877 111 2885 ·
198 2846 286 2919 Quod
306 2851 434 2930 pertinet
456 2852 545 2911 etiarn
570 2853 610 2911 ad
629 2852 769 2912 formulas
789 2872 858 2911 aaut
887 2874 920 2911 es
951 2853 1082 2928 omnibus,
1115 2864 1146 2913 et
1168 2854 1250 2914 elias.

196 2944 287 3024 Apud
295 2945 473 3004 Ciceronem
483 2945 573 3024 igitur
582 2945 741 3024 legendum
753 2956 798 3005 est
808 2964 862 3025 pro
874 2946 965 3004 Rosc.
978 2946 1063 3006 Com.
1074 2951 1103 3008 5.
1115 2951 1176 3008 15.:
1190 2955 1208 2984 “
1218 2959 1252 3007 ut

195 3056 312 3096 onum
333 3038 467 3113 jadicem
488 3037 581 3097 vereri
606 3038 766 3097 debeamus
776 3041 805 3109 ;''
834 3057 893 3097 nec
920 3047 1018 3097 tamen
1046 3039 1252 3118 explicandum

199 3131 357 3207 aliquem
366 3134 388 3208 j
392 3151 410 3188 a
418 3133 439 3188 d
445 3133 539 3189 icem.
560 3131 619 3189 Pro
631 3130 708 3189 Rab.
719 3135 750 3192 9.
763 3129 805 3189 ita
816 3129 1095 3209 interpungendum:
1107 3138 1125 3166 “
1142 3131 1253 3206 Virum,

124 3278 127 3283 .
198 3243 289 3284 unam
302 3223 394 3293 totius
402 3220 531 3284 Graeciee
544 3223 633 3283 facile
647 3222 871 3282 doctissimum.”

394 3398 431 3432 va.
442 3386 482 3430 11.
545 3407 611 3419 —-
621 3386 709 3429 tentam
720 3381 831 3429 abhorret
842 3396 869 3428 ac
882 3388 964 3429 mutat.

199 3523 247 3583 Ita
267 3530 352 3583 recte
371 3520 482 3600 legitur
504 3520 535 3578 ia
556 3519 649 3580 MSS.
665 3519 757 3581 Statii.
780 3521 900 3579 membr.
918 3519 1026 3580 Dresd.
1041 3520 1160 3581 Vicent.
1173 3522 1256 3582 Brix.

87 3663 89 3667 ,
200 3616 357 3676 Venett.-—
366 3613 483 3673 Avantii
498 3613 644 3672 correctio
658 3621 748 3683 nutat,
759 3610 789 3669 In
799 3611 939 3671 Aldinam
947 3612 972 3673 Ι.
987 3625 1116 3693 recepta,
1132 3635 1151 3674 a
1161 3615 1257 3676 Lucio

201 3707 345 3779 Fruterio,
358 3705 506 3786 (VeriaIm.
517 3704 560 3767 II.
572 3724 599 3764 c.
610 3706 677 3780 ult.)
691 3703 846 3775 Palmerio,
861 3705 1014 3784 (spicileg.
1028 3706 1111 3766 xlv.
1131 3728 1161 3786 p.
1173 3710 1256 3786 866.)

202 3799 336 3882 (Gruteri
349 3799 489 3877 Lampas.
505 3798 542 3857 Τ.
555 3797 622 3873 IV.)
636 3809 667 3857 et
680 3798 717 3857 ab
736 3795 798 3856 aliis
811 3798 965 3875 repudiata
979 3799 1170 3859 est—Pace.
1186 3821 1257 3861 con-

197 3893 273 3970 jecit
292 3889 567 3969 arada-Gellius
581 3900 658 3950 noct.
683 3900 737 3949 att.
753 3889 872 3947 XVIII.
885 3893 933 3950 12.
945 3889 1002 3949 ita:
1024 3892 1148 3951 “Varro
1169 3893 1199 3952 in
1224 3895 1258 3953 Ii·

201 3986 273 4057 bris,
287 4019 327 4029 -
338 3983 376 4043 de
387 3983 488 4062 lingua
499 3982 607 4041 Latina
616 3980 703 4041 fecit:
726 3983 761 4040 In
774 3980 870 4059 priore
882 3983 974 4040 verbo
988 4002 1092 4061 graves
1102 3986 1258 4063 prosodiae,

201 4099 269 4159 quae
282 4078 412 4149 fuerunt,
426 4086 562 4143 manent;
577 4074 695 4152 reliquae
718 4084 841 4133 mutant.
882 4073 1010 4145 Mutant,
1024 4076 1120 4156 inquit
1140 4079 1261 4156 elegan-

204 4171 395 4249 tissimepro
419 4167 588 4226 mutantur.”
630 4165 731 4225 Livius
754 4166 902 4224 xxxlx.
926 4171 977 4226 51.
1008 4172 1171 4230 mutaverant
1206 4193 1261 4252 pro

204 4265 305 4324 autad
316 4260 463 4323 siat-cf.
476 4262 557 4322 Cort.
569 4259 607 4320 ad
619 4259 740 4321 Sallust.
752 4258 839 4321 Catil.
851 4263 901 4320 38.
916 4265 964 4322 10.
982 4290 984 4294 .
