2872 4972
203 348 267 415 loo
447 348 486 413 C.
510 350 739 457 VALERII
763 348 1010 420 GAT-ULLI

247 532 497 622 AEternumque
519 547 636 602 manus
648 538 833 624 carpebant
848 538 913 603 rite
929 539 1087 604 laborem.

246 645 351 710 Laeva
366 645 478 712 colum
494 646 589 712 molli
604 646 683 712 lana
698 648 865 714 retinebat
887 649 1043 715 amictum
1058 672 1065 714 ε

248 757 401 822 Dextera
415 764 486 822 tum
497 756 625 826 leviter
639 756 808 824 deducens
823 759 882 824 fila
895 758 1024 847 supinis

245 867 429 932 Formabat
444 868 578 955 digitis3
603 876 673 934 tum
688 890 796 955 prono
812 869 846 933 iu
859 868 983 956 pollice
997 876 1158 958 torqueas

245 964 422 1072 Libratum
438 978 535 1044 tereti
551 981 706 1046 versabat
721 978 857 1043 turbiue
872 980 1001 1045 fusum:
1194 982 1256 1044 315

241 1088 359 1177 Atque
370 1089 419 1154 ita
435 1090 618 1177 decerpens
634 1092 790 1179 aequabat
803 1111 935 1177 semper
947 1112 1030 1178 opus
1042 1092 1136 1174 deus,

214 1211 218 1215 ’
239 1194 426 1286 Laueaque
440 1199 582 1267 aridulis
597 1202 771 1268 baerebant
786 1223 896 1267 morsa
911 1201 1058 1286 labellis,

200 1338 206 1398 ζ
223 1334 226 1341 <
240 1303 327 1389 Qum
340 1311 433 1399 prius
447 1310 483 1377 in
497 1311 566 1379 levi
581 1313 716 1379 fuerant
730 1312 899 1378 exstantia
914 1313 984 1379 filo.

196 1508 285 1568 placata
291 1509 349 1557 Viro
360 1512 439 1558 Docto
450 1511 474 1557 in
485 1510 551 1558 Actis
562 1511 673 1559 litorariis
685 1510 831 1573 Gottingeus.
840 1510 917 1575 (Soid.
928 1513 983 1560 148.
998 1510 1082 1576 1788.)
1091 1513 1132 1559 sed
1138 1519 1256 1560 auctorem

195 1572 266 1620 lrabet
276 1574 326 1622 baec
337 1579 472 1636 conjectura
483 1577 603 1638 Vulpium.

221 1640 285 1686 ³12.
301 1640 411 1688 Amictam
418 1643 509 1702 Grypb.
522 1644 609 1689 Muret.

132 1740 136 1749 .
201 1712 212 1727 ”
220 1706 285 1751 2314.
303 1703 378 1752 Prmm
388 1707 413 1752 in
422 1708 504 1753 vertice
514 1707 537 1753 in
549 1705 667 1752 nonnullis
677 1704 743 1752 libris
754 1705 865 1766 antiquis,
882 1710 943 1751 testa
954 1705 1047 1762 Vossio,
1059 1714 1085 1753 ut
1097 1711 1178 1753 vertex
1192 1706 1254 1754 idem

111 1786 117 1795 ·
195 1765 228 1814 sit
236 1769 776 1830 quudaertr'calamantoertteitlnm,rptrivaoe.
816 1823 819 1830 Ι

199 1831 204 1844 ’
227 1835 285 1882 815.
304 1832 421 1880 Vibrutum
432 1835 507 1898 magis
518 1837 597 1896 placet
608 1836 702 1896 Vulpio.
932 1852 935 1857 ·
1250 1893 1252 1896 y

199 1903 209 1915 '⁴
227 1900 284 1946 318.
301 1896 359 1945 leni
374 1900 398 1946 in
411 1899 528 1961 plerisque
540 1901 607 1947 editt.
619 1901 661 1946 sed
673 1899 751 1960 aptius
768 1905 803 1945 est
820 1899 870 1954 leot,
887 1897 948 1958 quod
963 1899 1113 1946 revocarier
1127 1901 1183 1947 edit.
1197 1902 1253 1946 Par-

193 1961 275 2017 thenii,
286 1963 376 2024 Grypb.
388 1966 475 2011 Muret.
487 1965 616 2025 saepissime
627 1965 687 2011 enim
699 1966 739 2010 baa
750 1980 821 2010 voees
832 1962 1091 2009 turbavit'librariorum
1102 1965 1252 2026 negligentia,

192 2025 242 2073 rid.
255 2025 384 2077 Brarmunn.
395 2030 425 2076 ad
436 2029 507 2078 Ouid.
517 2028 618 2078 Heroid.
629 2030 700 2077 XIV.
711 2031 750 2078 39.
761 2036 785 2075 et
798 2027 974 2075 Druckeuborcb.
986 2027 1015 2074 ad
1027 2027 1079 2075 Iris.
1091 2031 1126 2076 11.
1136 2032 1176 2079 65.
1186 2032 1252 2077 Tam.

190 2091 211 2139 1.
223 2106 248 2153 p.
259 2096 316 2143 815.

192 2229 217 2278 Si
238 2227 325 2280 Parcas
341 2233 472 2294 cogitamus
489 2238 590 2290 vetulas,
602 2251 646 2296 pro
666 2235 697 2282 At
748 2232 857 2290 Homeri,
868 2240 892 2280 et
904 2246 975 2280 roseus
986 2236 1052 2281 olttm
1064 2234 1093 2280 de
1103 2235 1201 2295 pulcbro
1212 2242 1251 2281 co}

136 2315 137 2319 ’
192 2306 335 2365 roaco,quod
350 2307 443 2353 minime
460 2307 510 2354 illis
529 2307 697 2363 couvenit,rel
745 2305 796 2353 lore
808 2313 832 2353 et
844 2307 977 2367 splendore,
994 2307 1069 2368 qualis
1084 2309 1185 2355 decebat
1196 2310 1252 2356 dea·

193 2375 319 2436 legendum
331 2393 383 2425 cum
391 2379 478 2441 Vulpio
486 2379 598 2426 Ambrosio
610 2379 647 2426 vel
660 2378 696 2425 di·
745 2393 797 2425 rum
814 2385 895 2440 caput,
914 2380 1044 2440 acceperis,
1055 2396 1085 2426 ex
1107 2382 1150 2426 bac
1161 2381 1250 2427 ratione

192 2449 292 2499 cendum
298 2457 345 2506 est,
355 2452 470 2499 Catullum
481 2452 514 2499 ita
524 2468 556 2498 ax
566 2468 630 2500 mors
639 2453 695 2514 pob-
745 2450 838 2498 defendi
850 2451 933 2498 saltem
944 2453 981 2498 bic
989 2453 1055 2498 locus
1065 2468 1136 2513 posse
1150 2453 1250 2500 ridetur.

192 2525 695 2585 tarumpermutssseepitheta,utvertendo
777 2527 836 2573 311.
860 2525 1024 2588 AEtcranmpne
1045 2541 1126 2573 manaa
1149 2533 1195 2572 cet.
1220 2541 1248 2573 eu

192 2609 266 2643 raam
286 2597 317 2643 ad
331 2597 403 2644 vittas
420 2604 444 2644 et
460 2599 538 2644 atcerte
552 2599 582 2644 ad
592 2601 695 2646 mrticcm
744 2613 812 2660 quam
821 2603 905 2645 ornate
917 2614 961 2659 pro
978 2599 1072 2659 vulgari
1089 2601 1179 2648 ruebam.
1189 2600 1248 2646 Par·

192 2665 338 2717 catenadam
357 2670 396 2717 sit.
429 2670 580 2732 ln‘procliri
599 2672 694 2732 quidem
744 2687 787 2728 cae,
810 2671 851 2719 iuti
871 2671 994 2726 ministre,
1017 2678 1127 2721 aeteraam
1149 2672 1248 2719 latorum

193 2747 230 2787 est
240 2743 359 2804 corrigere
371 2744 402 2790 At
411 2746 556 2802 romaniam
574 2746 617 2791 sed
628 2747 694 2792 inuu-
744 2744 828 2791 eerieur
849 2746 924 2791 nendo
937 2745 1080 2791 deducentes
1092 2751 1203 2791 aeteruum
1214 2747 1248 2792 la-

192 2818 255 2861 mm
269 2815 391 2875 po'e'tarum
405 2817 514 2879 exempla·
525 2817 584 2863 banc
604 2817 695 2878 epitbe-
743 2817 822 2864 horem
832 2818 946 2876 'v'elopus'
956 2821 1056 2863 tractare
1068 2817 1186 2863 dicuutur.

192 2893 268 2934 torum
285 2891 480 2949 permutationem
502 2890 620 2938 evincunt.
653 2889 694 2937 Sio
775 2893 832 2936 314.
850 2888 943 2948 Sapinia
962 2890 1048 2952 digitis,
1059 2903 1152 2935 sursum
1166 2889 1243 2938 flexis.

192 2955 380 3023 (laid-Heroid.
393 2963 493 3010 XVIII.
509 2965 564 3010 144.
576 2963 652 3010 Aurea
660 2963 694 3009 la·
742 2976 812 3021 prono
821 2962 1014 3020 pollice,deorsum
1023 2962 1247 3022 presse-*rimic-

190 3034 267 3096 m'g'erc
277 3035 357 3083 cellere
368 3039 425 3083 venit
433 3039 484 3083 cois.
503 3037 551 3083 dici
563 3036 624 3083 enim
640 3040 694 3098 pro·
743 3041 781 3081 tor
791 3019 878 3095 aliquid
887 3035 973 3080 addere
982 3040 1068 3094 potest.

189 3106 242 3166 pria
263 3109 365 3155 debebat
385 3109 437 3156 ovis
457 3109 560 3172 lanigera
575 3115 599 3154 et
618 3109 693 3156 uellus
775 3105 1246 3170 315.Teret¹.cera.turb.fas.-·uonturbo

190 3172 292 3226 aarum.
303 3195 332 3227 ne
342 3180 462 3242 quievero
472 3188 518 3227 tam
530 3181 649 3228 humiliter
663 3182 693 3228 de
742 3179 785 3226 sed
802 3179 866 3225 lusui
879 3177 976 3239 proprie
988 3184 1025 3224 est
1035 3186 1096 3225 teres.
1114 3180 1244 3227 adumbra-

189 3250 267 3310 poiitis
283 3253 376 3308 sentiat,
394 3259 420 3301 ut
438 3255 461 3300 in
478 3254 618 3300 iis'tautum
633 3253 694 3301 locis
741 3252 778 3299 rit
787 3254 902 3300 Nostrum
911 3252 984 3299 Ovid.
996 3252 1056 3299 Met.
1070 3254 1113 3299 Vl.
1124 3257 1165 3302 11.
1244 3256 1246 3261 '

189 3322 249 3369 hm
271 3323 426 3409 ‘Pllhemmm
448 3327 477 3372 “b
500 3326 549 3410 luis
568 3326 691 3410 ”dml‚³⁸⁸m
741 3353 841 3404 Sivcleci
851 3365 940 3404 teretem
952 3357 1049 3403 uersabat
1058 3355 1234 3420 pollieefasam.

188 3398 375 3444 essearbrtretur
384 3404 585 3459 permutationem,
595 3401 633 3444 ubr
642 3414 691 3444 me-

188 3473 249 3515 trum
262 3469 326 3517 illam
345 3471 460 3533 exigeret,
479 3487 550 3518 unam
562 3470 642 3517 saltem
659 3487 690 3517 ex
741 3471 771 3515 ol.
783 3468 870 3516 Vibull.
890 3470 924 3515 ll.
941 3472 964 3515 1.
980 3471 1020 3515 64.
1032 3473 1056 3514 et
1074 3467 1109 3514 ibi
1130 3467 1245 3531 Magnam
1335 3492 1340 3501 ·

189 3542 307 3591 sexcentis
329 3560 413 3605 ponam
432 3543 578 3604 exemplum:
604 3543 689 3590 Horat.
740 3539 969 3603 limatam-turbo,
979 3541 1026 3587 susi
1040 3540 1138 3601 agitatio
1147 3547 1172 3587 et
1182 3547 1244 3588 rota·

187 3615 236 3662 Od.
256 3617 277 3664 l.
290 3620 330 3664 88.
344 3621 382 3664 18.
400 3617 473 3665 Exitio
484 3627 515 3664 ert
526 3618 618 3664 auidum
628 3633 691 3665 mare
739 3611 783 3668 tio,
794 3613 859 3661 lusus
870 3613 893 3660 iu
904 3613 1019 3660 turbinem
1037 3620 1113 3660 actus.

187 3689 284 3736 noctis:
305 3691 381 3738 noluit
397 3691 469 3753 igitur
492 3690 615 3743 Horatius,
626 3691 688 3750 quod
772 3688 829 3734 316.
849 3685 893 3743 ito,
911 3685 972 3734 inter
988 3687 1050 3732 bauo
1071 3687 1141 3732 nendi
1153 3692 1241 3742 actam,

186 3760 288 3819 Poterat,
299 3762 403 3810 scribere
414 3765 493 3810 amdb.
509 3763 584 3821 Quam
594 3762 689 3823 quidem
738 3757 824 3818 decep.
841 3759 924 3820 equeb.
934 3773 1000 3819 semp.
1013 3773 1048 3818 op.
1060 3759 1121 3814 derce,
1134 3758 1240 3805 inutilem

186 3832 308 3892 penam
317 3836 427 3883 rationem
439 3848 490 3883 cum
500 3836 636 3895 plemmque
643 3836 688 3882 ler·
738 3830 799 3877 lanae
809 3838 899 3892 partem
911 3831 1010 3877 subinde
1019 3831 1173 3892 decerpentes
1185 3832 1242 3877 den-

186 3919 213 3951 re
223 3922 268 3954 nou
278 3915 376 3970 possent
387 3924 466 3956 eorum
478 3909 626 3970 interpreter,
637 3909 688 3954 ubi·
738 3903 803 3949 tibus
821 3904 951 3963 aequabant,
969 3903 1098 3951 formabant
1112 3908 1137 3950 et
1146 3902 1243 3963 laeviga-

186 3981 233 4038 qae‘
249 3981 299 4028 lere
310 3981 424 4041 ejusmodi
436 3983 501 4029 locos
513 3982 542 4028 ab
554 3981 583 4027 iia
595 3981 688 4043 impug-
738 3975 795 4022 bant
805 3977 877 4022 filum.

186 4058 254 4100 natos
271 4053 460 4104 videtin-sm
470 4071 525 4103 vero
538 4054 559 4101 si
569 4053 688 4114 cogitave-
772 4052 828 4097 31⁷.
837 4049 914 4096 Lonea
924 4064 1003 4106 morso,
1011 4049 1074 4096 lunae
1081 4048 1240 4096 rillidentium

184 4121 228 4179 ris,
238 4125 264 4171 'iu
281 4126 333 4174 loeo
354 4133 434 4174 nostro
445 4126 688 4173 ccrta'cem'Parcarum
738 4136 818 4168 morsu
827 4122 940 4182 decerpti.

185 4197 304 4245 nivaramh.
315 4216 336 4246 e.
346 4216 438 4253 cauum,
448 4201 513 4245 uires
522 4198 616 4258 capitis,
627 4201 687 4245 κατὰ
771 4196 827 4241 318.
840 4192 950 4256 lovistie,
961 4201 1052 4256 aequato
1061 4210 1122 4242 nunc
1135 4202 1159 4240 et
1171 4194 1237 4241 laevi-

185 4268 262 4330 κεῖνος
272 4270 453 4334 πωαλαγμένας
471 4272 557 4330 ἄλφιτα
569 4274 643 4325 arvad,
662 4277 687 4317 ut
736 4277 806 4328 'gatm
823 4267 923 4330 ⁸faurama
934 4268 1186 4328 exstantiu,extiterant
1198 4283 1238 4312 sn-

184 4343 351 4393 rlescribuatur
371 4347 452 4394 Parcae
474 4345 498 4392 iu
518 4344 612 4392 laudato
633 4343 686 4391 loeo
736 4342 841 4402 perdas5
862 4341 933 4389 clad
945 4344 1032 4390 vaca.
