2872 4972
914 195 946 320 l

226 312 274 415 ni
441 347 650 416 asueri
683 349 736 415 m
768 313 1081 416 carcianum.

224 541 312 593 mant
352 533 450 614 nsque
462 534 669 616 antiquimimoe
682 537 801 615 quoqne
815 534 959 594 editiones
971 534 1032 594 bno
1043 531 1201 614 periinere,
1216 533 1284 591 eoa

225 645 299 705 opus
312 637 359 685 est
372 636 404 686 ut
417 627 548 705 pluribus
563 628 771 687 demonstrem.
905 679 910 694 .

267 720 418 781 Editorem
433 720 543 781 Catulli·
560 738 648 800 porro
669 731 797 800 oportet,
820 720 987 798 fragmenta
1008 733 1040 778 et
1057 718 1149 778 verba
1168 718 1284 814 po'e'ne,

224 833 289 894 quse
299 812 604 892 apudGramrnatioos
617 813 765 892 leguntur,
778 824 939 891 etquorura
947 829 1156 871 numerasnon
1167 826 1286 887 pareus
1381 857 1385 863 .

223 915 277 977 est,
292 922 463 984 congerere.
505 905 768 967 Grammaticorum
791 904 868 964 enim
892 905 1080 972 auctoritate,
1097 918 1176 980 saepe
1193 899 1284 960 corbi·

221 1017 290 1057 enm
310 997 440 1056 omnium
462 996 594 1076 graviori,
614 998 700 1076 plura
722 997 788 1056 loca
808 997 923 1056 restitui
942 997 988 1055 vel
1002 995 1122 1055 defendi
1143 1001 1283 1072 possunt.

222 1089 260 1148 Id
283 1088 365 1166 qnod
388 1088 514 1148 editores
538 1089 717 1148 recentiores
741 1089 828 1167 plane
853 1087 1057 1166 neglexerunt.
1098 1084 1281 1145 Lectionum

223 1179 389 1239 defemlere
401 1179 548 1239 debebam
567 1199 594 1239 e.
608 1201 638 1258 g.
653 1179 772 1240 LXIII.
795 1180 846 1240 88.
865 1198 881 1237 e
906 1179 1001 1237 Festo·
1013 1177 1125 1236 LXVI.
1146 1197 1177 1255 p.
1200 1180 1281 1237 419.-

223 1272 311 1354 Daee
335 1292 465 1351 qnaerere
479 1284 575 1331 utrum
590 1292 680 1332 earm.
695 1273 721 1331 1.
735 1277 765 1332 2.
787 1291 824 1331 ex
844 1271 1017 1331 auctoritate
1030 1270 1118 1329 Marii
1131 1267 1282 1327 Victori

223 1364 263 1443 (ρ.
283 1367 355 1424 204.
380 1364 567 1442 Commelin.)
585 1375 616 1423 et
638 1364 808 1424 Terentiani
832 1364 931 1424 Mauri
953 1365 1004 1443 (de
1016 1364 1118 1422 metris
1137 1382 1168 1441 p.
1179 1364 1280 1422 etto.

220 1456 238 1514 I
260 1460 310 1518 24.
334 1456 458 1528 Puteeb)
473 1456 630 1534 legendum
645 1456 683 1515 sit
699 1458 787 1525 arido,
801 1475 839 1514 an
853 1455 1013 1516 seeundum
1028 1454 1122 1514 Seruii
1135 1453 1185 1528 (ad
1199 1453 1280 1514 ΕΜ

221 1547 308 1624 XII.)
323 1560 354 1609 et
373 1549 572 1609 Fortunatiani
587 1554 630 1627 (p.
641 1552 733 1614 2676.
748 1547 882 1624 Putsch.)
900 1547 1099 1607 testimouium
1114 1549 1213 1614 nridu‚·
1239 1545 1280 1619 ila,

219 1640 345 1699 murare
359 1641 509 1699 debebant
523 1644 550 1699 e.
564 1658 609 1718 gr.
630 1640 760 1698 XCVII.
774 1645 804 1700 6.
827 1659 842 1697 e
866 1639 944 1698 Festi
966 1640 1033 1698 loeo
1049 1639 1134 1698 XIV.
1156 1658 1187 1716 p.
1200 1638 1276 1698 663.

220 1733 298 1792 Dae.
310 1743 341 1792 et
354 1733 408 1791 IV.
419 1737 468 1793 26.
482 1736 543 1804 27..
558 1732 715 1810 genuinam
739 1731 896 1791 lectionem
909 1732 1025 1790 firmare
1048 1741 1126 1792 teste
1140 1728 1282 1790 Charids·
1339 1727 1343 1732 ’

220 1825 320 1904 (instit.
334 1845 427 1902 gram.
441 1824 499 1883 III.
514 1845 544 1904 p.
558 1829 628 1886 223.
645 1830 673 1884 1.
686 1830 738 1886 41.
753 1824 889 1901 Putrem,
904 1825 990 1884 etsie
1003 1824 1070 1884 alia.

229 1955 232 1959 ‹
260 1916 379 1976 Deinde
400 1927 569 1988 metrorum,
589 1918 693 1996 quibus
712 1937 783 1976 usus
801 1927 846 1978 est
857 1917 1007 1988 Catullus,
1024 1928 1279 1994 numerorumque

220 2007 296 2070 ratio
315 2029 373 2068 non
387 2009 458 2069 sotis
474 2020 612 2070 accurate
626 2010 727 2069 habita
747 2019 792 2069 est
813 2011 851 2082 ab
864 2009 1034 2081 editoribrra,
1050 2021 1082 2069 et
1095 2008 1280 2088 questiones

218 2101 276 2160 hnc
303 2112 471 2181 spectantes
494 2102 523 2160 in
547 2103 678 2181 pluribus
692 2103 766 2162 loeis
784 2102 884 2181 inepte
909 2101 1058 2162 institute.
1099 2103 1173 2162 Inde
1195 2114 1277 2161 verm

218 2205 312 2272 petet,
325 2195 374 2272 qui
393 2195 505 2254 factum
526 2196 575 2265 sit,
595 2206 628 2253 ut
641 2215 741 2254 versus
764 2215 824 2254 non
844 2195 934 2274 pauci
954 2194 1051 2255 adbuc
1073 2194 1278 2273 legautnrtel

219 2288 299 2349 omni
313 2289 399 2347 metri
420 2307 557 2347 mensura
576 2298 721 2367 expertes,
736 2289 783 2348 vel
805 2289 925 2348 nornine
938 2297 1026 2348 tantm
1039 2289 1167 2349 licentiae
1177 2304 1276 2348 errent

219 2379 285 2449 sati,
314 2384 397 2454 cujus
428 2380 547 2458 culpam
574 2399 662 2439 nemo
689 2379 863 2439 Latinorum
893 2385 1046 2459 poetarum
1076 2378 1276 2440 contraxerltss

218 2469 323 2530 Habet
335 2482 436 2530 noster
448 2471 584 2549 queedam
599 2471 732 2550 propria;
755 2491 793 2531 ne
807 2483 906 2532 tamen
927 2472 1073 2544 existinns
1086 2473 1275 2551 negligenter

217 2582 286 2626 enni
299 2565 504 2644 conscripsisse
515 2566 641 2644 plurima
650 2564 789 2625 carmina.
819 2568 895 2632 Quae
909 2568 986 2644 apud
996 2567 1069 2626 alios
1080 2562 1271 2645 negligentiae
1339 2633 1342 2643 ¹

218 2658 335 2716 nomine
350 2657 472 2716 eliasub
487 2674 588 2717 causas
605 2668 745 2737 suspecta
768 2669 846 2729 sunt,
865 2659 944 2737 apud
958 2670 1090 2718 nostrum
1104 2670 1172 2718 eunt
1185 2677 1203 2718 a
1216 2674 1276 2719 tow

216 2749 328 2808 luntate
342 2749 485 2828 profecta,
499 2769 555 2810 nec
568 2770 587 2810 a
599 2753 691 2831 po‘e'ta
704 2749 918 2810 inconsiderato
932 2751 1097 2812 commissa.
1124 2745 1272 2812 'severim

217 2842 305 2912 ribus,
330 2842 360 2899 ni
382 2853 461 2901 totus
474 2841 569 2916 fallor,
584 2843 711 2901 metricis
734 2842 850 2920 legibus
869 2861 983 2922 semper
1005 2863 1037 2902 se
1056 2843 1223 2914 adstrinxit,
1238 2855 1275 2904 et‘

218 2934 357 3012 exempla
376 2933 551 2992 Graecorum
573 2932 615 2994 it'a
634 2934 762 2993 imitatus
781 2931 835 3004 es't,
859 2943 895 2992 nt
911 2931 950 2994 ex
967 2935 1167 3014 iisreeiperet
1179 2935 1269 2996 etiam

216 3023 361 3095 lomnes,
376 3045 443 3103 quoe
457 3045 516 3082 non
530 3026 570 3084 ad
589 3025 729 3086 seriorum
748 3028 901 3102 poetarum
914 3026 1044 3086 carmine
1057 3027 1134 3105 exigi
1148 3024 1270 3088 debent.

217 3119 328 3176 Versus
341 3135 409 3175 suos
428 3137 487 3175 uon
507 3117 699 3189 conformavit
712 3116 751 3175 ad
764 3116 856 3194 leges,
880 3137 951 3196 quos
964 3120 1060 3197 politae
1073 3128 1184 3196 postea,
1198 3136 1272 3178 cunr

216 3229 263 3268 ars
280 3215 342 3284 jam
362 3208 520 3287 perfectior
541 3209 624 3269 facta·
638 3219 727 3281 esset,
750 3209 865 3286 sequuti
885 3220 967 3279 sunt3
991 3221 1121 3270 attamen
1135 3207 1274 3272 versitus’

215 3321 274 3359 non
283 3301 367 3360 deest
381 3301 536 3378 elegantia,
550 3302 630 3380 quod
644 3302 719 3360 adeo
731 3320 769 3360 ex
783 3301 817 3360 iis
831 3304 928 3374 rebus,
941 3318 1007 3381 quae
1020 3302 1149 3362 minutim
1163 3303 1276 3362 videm·
1318 3364 1321 3370 .

215 3405 273 3465 tur,
290 3393 465 3470 intelligitur.
508 3393 552 3454 Ut
575 3412 672 3471 pauca
692 3393 821 3464 afferam,
845 3413 945 3472 graeca
962 3395 1097 3474 exempla
1115 3394 1272 3473 sequutus,
1324 3433 1332 3446 ·
1399 3435 1402 3442 ,

214 3505 356 3564 nusquam
376 3485 513 3544 duritiem
534 3484 672 3557 admittit,
689 3503 749 3562 qua
771 3486 887 3565 syllaba
909 3485 1006 3545 brevis
1026 3496 1095 3546 ante
1118 3487 1217 3547 literas
1239 3497 1274 3546 tt

214 3577 288 3636 alius
301 3577 382 3636 verbi
396 3588 533 3655 ponatur.
576 3576 736 3637 Elisionem
749 3576 780 3635 in
793 3578 968 3656 pentametri
983 3591 1103 3650 oaesura,
1119 3588 1150 3638 et
1160 3579 1192 3636 in
1206 3579 1273 3639 finer

214 3670 359 3729 voeabula
377 3671 464 3731 trium
480 3669 657 3749 syllabarum
679 3689 791 3749 ponere
808 3670 893 3742 solet,
914 3680 1071 3749 utrumque
1091 3670 1272 3733 securitate

215 3761 399 3833 (iuncorum,
420 3781 479 3840 qna
499 3763 591 3821 multa
612 3762 699 3840 hujus
722 3762 839 3840 generis
857 3763 937 3842 apud
955 3763 1106 3823 Catullum
1130 3764 1273 3823 excecari

213 3866 347 3933 possum.
387 3857 536 3920 Quantum
550 3858 621 3913 iero
644 3854 779 3913 relictum
803 3855 841 3912 sit
858 3855 961 3914 'studio
980 3876 1017 3915 ac
1042 3875 1122 3915 errrae
1143 3855 1272 3934 sapim

212 3946 294 4017 toris,
315 3947 434 4006 Catullo
459 3945 615 4022 aliquando
639 3946 819 4018 subventuri,
833 3951 866 4005 n't
880 3946 976 4006 vetiam
995 3948 1035 4007 ad
1056 3947 1270 4027 'rhythmorum

213 4037 423 4117 proprietatem
435 4047 592 4096 revocetur
605 4040 701 4115 poe'ta,
726 4038 758 4096 id
770 4037 858 4097 facile
873 4039 1017 4118 cognosci
1025 4049 1124 4118 potest
1137 4059 1176 4098 ex
1194 4039 1269 4099 bora

213 4132 312 4191 tendis
325 4130 506 4202 lectioribus,
521 4135 588 4209 qum
605 4131 636 4188 in
649 4131 790 4211 pluribus·
801 4131 977 4191 carminibus
994 4132 1092 4193 adbuc
1112 4132 1266 4193 offendunt

214 4243 312 4298 aurea,
328 4236 362 4283 ut
385 4222 525 4300 Scaligeri
549 4224 722 4283 udaudtourir
743 4223 844 4284 XVII.
866 4230 895 4286 3.
919 4227 1066 4304 mehercule
1082 4224 1265 4287 XXXVIII.
