2872 4972
260 418 271 427 ,
337 351 815 426 OBSERV'Arl'onns
840 349 1093 433 CRITICAE.
1219 351 1285 428 ’5.

96 531 99 537 ’
205 537 338 611 Raterio,
360 545 519 604 venutod’
538 542 613 604 oltra
633 542 724 603 monti
746 551 877 622 aquesto
896 536 1082 613 Vescovado,
1107 556 1174 602 com
1194 535 1257 619 egli

202 629 291 702 lesse,
305 653 355 711 qur
347 634 498 709 Catullo,
519 656 579 697 non
579 632 722 697 avendol
739 636 811 695 letto
831 636 916 715 perl’
927 636 1043 704 avanti,
1067 655 1086 694 e
1105 645 1189 693 trovo
1200 634 1264 694 che·

203 720 224 778 I
236 743 310 784 uvea
323 727 380 787 alle
394 725 471 787 ιιιιιιιι
463 729 533 788 nel
540 723 665 789 decimo
678 738 781 808 quarto
797 730 896 788 secolo
910 728 1070 806 Gugielmo
1082 719 1256 803 Postrengo,

202 815 297 876 emico
307 818 357 877 del
372 815 520 891 Petrarca',
535 821 556 878 il
570 821 657 900 quale
671 816 739 880 nell’
754 839 845 898 opera
865 840 916 880 sua
937 819 1013 879 versi
1026 839 1064 879 ne
1077 819 1136 878 cita
1152 818 1256 878 indue

201 906 444 986 luoghi.''—Quis
457 913 546 973 fuerit
560 913 609 972 ille
624 913 774 972 Francisci
799 914 895 972 codex
916 924 1003 972 etan
1027 912 1126 972 adhuc
1148 909 1253 981 exstet,

201 999 291 1061 nihilo
304 1005 397 1082 magis
412 1004 553 1064 affirmare
563 1000 682 1084 possum
695 1002 783 1082 qnam
796 999 856 1063 alii.
879 1003 1012 1080 Moffeius
1025 999 1057 1082 ll.
1068 1003 1089 1061 i.
1103 1001 1201 1082 peu.)
1216 1003 1255 1065 de

132 1184 135 1187 ’
200 1183 307 1244 vecchi
318 1206 377 1245 non
394 1187 501 1273 paiqno
515 1186 689 1267 oltrepassar
698 1188 727 1246 di
738 1185 829 1247 molto
841 1188 869 1246 la
879 1197 958 1245 meta
966 1187 1014 1245 del
1024 1184 1142 1245 decimo
1151 1185 1255 1265 quium

200 1279 328 1337 secolo:
353 1277 460 1338 catulli
470 1298 540 1339 vero
552 1281 687 1351 librum,
678 1301 709 1338 m
718 1280 816 1339 Gallia
829 1289 978 1359 repertum
992 1279 1114 1349 malass
1106 1298 1137 1336 m
1146 1278 1252 1339 mantis

198 1369 322 1440 venisse,
337 1371 434 1443 idest,
452 1373 532 1451 quod
554 1393 655 1433 omnes
677 1371 741 1432 fere
762 1371 1036 1469 commentariorum
1056 1368 1253 1449 antiquiorum

193 1457 333 1521 >auctoris
346 1475 521 1523 monuemnt
534 1483 571 1524 ac
584 1465 678 1543 questi
692 1476 770 1524 sunt.

226 1548 390 1614 Subsoecuh
396 1556 462 1614 XV
469 1557 581 1615 exitum
583 1557 677 1636 ,typis
687 1556 795 1616 excudi
803 1554 1188 1621 curaruntCatulhcarmma
1195 1554 1254 1614 unt

199 1664 266 1706 cum
275 1647 384 1706 Tibulli
395 1659 425 1708 et
434 1646 578 1728 Propertii
591 1649 704 1728 elegiis.
727 1651 857 1710 Primum
869 1649 1152 1747 prodiemntVenet.
1165 1646 1252 1711 1479

199 1738 349 1815 (Maffeius
359 1737 560 1805 annumllil.
568 1741 699 1819 allegat.)
721 1741 770 1800 Ex
779 1742 908 1820 quonam
920 1760 988 1799 vero
1000 1740 1105 1799 codice
1114 1741 1178 1798 hoec
1190 1740 1252 1799 edi·

197 1825 243 1889 tio¹
252 1825 402 1911 descripta
413 1833 460 1904 sit,
481 1832 620 1893 nondum
632 1833 729 1912 potuit
749 1832 912 1910 comperiri,
926 1852 1015 1910 quum
1029 1852 1125 1911 neque
1140 1831 1251 1891 Brouh·

191 1923 282 1982 -husio
293 1926 332 1983 ad
341 1922 499 1996 Tibullum,
509 1945 605 2002 neque
614 1926 780 1984 Burmanno
791 1926 830 1984 ad
839 1924 1024 2002 Propertium
1035 1923 1251 1983 emendandum

160 2042 161 2046 ¹
191 2035 235 2075 co
249 2017 292 2074 uti
304 2013 417 2076 liceret.
459 2018 506 2077 ef.
520 2018 640 2076 Senten.
658 2018 696 2077 ad
710 2016 854 2076 LXVIII.
869 2022 920 2078 49.
963 2018 1087 2077 Venetoe
1112 2016 1251 2075 secund'oe

197 2108 265 2166 anni
278 2111 366 2172 1475.
377 2110 534 2169 lectionem
547 2109 673 2188 praebuit
693 2109 792 2170 codex
804 2108 951 2179 Palmerii,
964 2119 998 2167 ut
1008 2107 1145 2168 Maffeins
1158 2108 1251 2183 refert

188 2200 217 2258 ·l.
234 2206 279 2271 l.;
293 2197 382 2260 editio
395 2221 464 2261 vero
478 2201 633 2280 Regiensis
650 2203 694 2261 vel
709 2203 747 2261 ad
764 2201 915 2279 exemplar
934 2200 1188 2279 prinoexpressa,
1204 2201 1252 2261 'ael

197 2312 237 2351 ex
248 2293 306 2352 alio
320 2295 422 2353 codice
433 2295 578 2373 descripta
589 2295 721 2366 videtum
734 2313 802 2353 nam
815 2293 947 2372 pluribus
960 2293 991 2350 in
1004 2293 1077 2353 locis
1090 2293 1250 2352 lectionem

196 2385 317 2445 exhibet
327 2406 344 2445 a
354 2384 567 2465 vulgatalonge
582 2387 734 2446 diversam.
744 2386 782 2446 cf.
791 2385 938 2444 LXVIII.
947 2390 997 2446 46.
1023 2385 1157 2444 Tandem
1171 2404 1250 2446 anno

188 2481 286 2536 -1481,
307 2479 459 2537 Joauuns
470 2481 718 2539 Csarnunnros
733 2478 842 2559 primus
857 2477 984 2535 omnium
997 2483 1135 2552 majorem
1146 2476 1249 2539 hebuit

197 2589 296 2629 curam
304 2570 422 2641 Catulli,
430 2573 552 2650 ejusque
565 2569 843 2630 carminaVicentiae
852 2569 955 2628 edidit.
969 2570 1113 2628 Venetam
1126 2570 1249 2648 primam

195 2663 241 2721 vel
261 2662 420 2722 secundam
441 2663 546 2721 itemm
565 2662 674 2721 excudi
695 2665 827 2730 curavit;
849 2660 1037 2735 sedeam,ut
1051 2661 1174 2730 videtur,
1186 2661 1248 2738 ipse

195 2754 279 2812 bonis
290 2754 441 2813 codicibus
453 2774 531 2825 usus,
543 2753 595 2832 (cf.
607 2753 777 2814 Santen.'ad
791 2752 940 2812 LXVIII.
948 2752 1012 2829 43.)
1021 2753 1119 2812 multis
1133 2754 1162 2811 in'
1177 2754 1249 2813 locis

195 2848 326 2907 correxit
334 2847 385 2925 (cs.
396 2848 465 2906 lect.
474 2852 609 2906 corintio
618 2857 648 2905 et
656 2851 706 2906 63.
716 2846 864 2906 cumcod.
875 2845 1007 2922 Dresdl.
1028 2845 1064 2904 ln
1077 2846 1249 2924 prefatione

195 2940 234 2999 ad
248 2940 439 2999 Hermolaum
453 2938 494 2998 ita
507 2938 626 2998 scribite
650 2946 669 2974 “
678 2957 744 2996 cum
757 2941 929 3017 percurrere
951 2937 1106 3016 coepissem
1119 2939 1150 2997 id
1163 2937 1249 3018 opus,

195 3033 276 3111 quod
290 3027 613 3110 Venetiis'impressum
632 3040 791 3100 est-tot
812 3029 927 3089 mendis
950 3029 1089 3089 refertum
1110 3051 1175 3090 ease
1196 3033 1249 3091 de·

186 3126 346 3204 prehendi,
365 3135 398 3184 ut
411 3125 499 3203 longe
519 3124 604 3202 plura
625 3134 723 3182 essent
737 3123 840 3183 vitiosa
854 3132 884 3182 et
897 3122 1063 3202 depravere,
1079 3142 1248 3203 quamquae

184 3219 359 3277 emendata.
394 3216 500 3276 Nullus
515 3226 596 3275 certe
610 3233 713 3273 sensus
727 3216 764 3272 ex
777 3213 822 3274 his
837 3215 903 3274 elici
917 3219 1041 3293 poterat.
1054 3286 1058 3293 ²
1084 3216 1248 3276 Confestim

194 3311 320 3369 conveni
336 3309 489 3368 nonnullos
503 3306 692 3386 impressore·
706 3316 737 3365 et
750 3325 802 3365 eos
818 3306 988 3364 cohortatus
1004 3310 1083 3380 sum,
1097 3307 1248 3366 utiterum

192 3401 225 3459 id
239 3422 312 3480 opus
325 3400 522 3479 imprimerent
536 3399 572 3459 'ea
585 3396 768 3457 correctione
782 3403 876 3476 quam
891 3395 1039 3475 pollicitus
1058 3417 1132 3456 sum.
1152 3404 1155 3408 ’
1173 3399 1248 3458 Poa-

193 3513 257 3551 sum
270 3494 359 3571 igitur
371 3492 489 3570 gloriari
502 3510 551 3554 me
568 3509 628 3548 non
649 3488 680 3547 id
703 3488 891 3558 emendasse,
909 3487 964 3547 sed
988 3496 1057 3547 vere
1078 3499 1172 3548 totum
1193 3508 1247 3549 ex·

194 3587 370 3666 scripsisse.''
398 3583 652 3663 Equidemtotum
665 3583 747 3641 hunc
758 3582 857 3661 locum
867 3581 1001 3660 apposui,
1011 3581 1147 3660 quoniam
1160 3583 1248 3644 ualde

193 3679 388 3738 memorabilis
401 3688 456 3736 est.
497 3675 706 3756 Calphuminm
720 3685 861 3753 sequutus
881 3685 927 3733 est
937 3675 1176 3747 Psaraanrus,
1186 3675 1247 3754 pri-

193 3792 258 3831 mus
268 3770 377 3831 Catulli
396 3768 548 3846 interpres,
561 3766 612 3845 qni
626 3765 809 3826 Brixiensem
823 3765 891 3824 anni
907 3770 995 3826 1486.
1009 3765 1131 3839 curavit,
1143 3777 1174 3825 et
1187 3787 1247 3827 non

192 3883 297 3943 parum
311 3863 349 3922 de
360 3863 450 3942 polita
459 3869 558 3920 nostro
568 3859 740 3938 promeritus
754 3869 811 3929 est,
821 3877 997 3937 quamquam
1009 3857 1075 3936 ipse
1088 3877 1170 3918 snam
1184 3860 1246 3919 edi·

192 3958 303 4031 tionem
316 3953 483 4015 festinatam
501 3952 638 4033 appellat.
680 3952 714 4010 In
733 3951 904 4030 prefatione
925 3948 1054 4028 loquitur
1068 3951 1111 4010 de
1132 3952 1177 4022 iis,
1196 3954 1247 4031 qui
1298 4016 1300 4018 ,

193 4048 392 4109 enarrationes
416 4045 563 4124 discipulis
586 4044 712 4103 dictatas
734 4042 833 4120 inique
857 4040 1077 4120 interciperent,
1101 4043 1156 4110 sed
1174 4044 1246 4104 nibil

192 4142 284 4220 magis
298 4141 440 4219 queritur,
456 4157 543 4218 quarn
557 4137 596 4208 id,
610 4137 690 4216 quod
705 4135 812 4194 Catulli
828 4134 911 4207 liber,
925 4155 984 4216 quo
1005 4136 1104 4198 nullus.
1115 4138 1245 4198 omniurn

193 4244 225 4292 et
238 4233 268 4291 in
281 4232 395 4293 Graecis
409 4234 440 4290 et
452 4230 483 4288 in
497 4228 611 4288 Latinis
634 4227 727 4306 magis
752 4236 903 4306 corruptus
925 4238 955 4287 et
975 4227 1134 4300 mutilatus,
1148 4247 1168 4288 a
1180 4230 1245 4290 vids

184 4327 290 4390 doctis
308 4323 478 4392 obscuritati
492 4322 612 4386 relictus
633 4320 733 4385 luerit.
773 4320 1010 4385 Commentarius
1029 4342 1083 4403 pro
1104 4325 1245 4404 temporis
