2872 4972
209 339 255 404 32
418 339 633 409 HANDII
662 339 722 411 IN
748 339 1057 415 GATULLUM

208 571 338 642 quatum,
353 564 408 623 sed
420 563 516 645 ipsum
531 576 642 625 natum.
674 562 725 626 Sic
739 564 815 625 Plin.
828 564 858 626 h.
870 583 900 623 n.
915 563 1044 628 XXXV.
1063 567 1111 627 15.
1134 565 1272 628 Robrica

81 656 83 661 ’
201 654 330 716 'nascitur
340 669 370 718 et
384 657 414 716 in
426 658 552 718 ferrariis
567 658 702 720 metallis.
714 659 766 738 (cf.
782 654 859 717 Plin.
869 656 1017 718 XXXIII.
1028 662 1074 719 2:
1088 659 1203 718 emitur
1218 678 1273 718 au·

201 767 369 810 uum-non
383 758 492 810 natura.
508 750 669 812 XXXVII.
682 757 711 812 3.
726 772 779 812 non
792 759 853 811 orte
865 751 918 811 sed
933 761 1027 828 sponte
1040 751 1167 827 nature.)
1181 768 1184 774 ·
1206 751 1269 812 Eo·

207 839 275 901 dem
288 842 377 902 modo
396 863 413 903 e
432 844 579 904 montibus
603 844 711 904 dicitur
735 844 780 904 αι’
798 843 928 915 fluxisse,
953 854 983 902 et
1007 844 1124 904 reclusa
1147 844 1270 906 metalla

205 944 309 1012 sponte
324 936 426 996 oblata
440 955 516 1008 esse,
532 949 566 995 ut
579 936 699 997 Lucret.
715 936 753 998 V.
771 941 858 998 1254.
874 952 918 1014 sq.

463 1129 576 1178 Manebat
587 1131 656 1181 suuis
664 1131 809 1181 ferventibus
819 1131 843 1179 iu
854 1133 907 1181 locu
918 1138 986 1181 tuuuae

462 1208 572 1256 Cououvu
582 1208 723 1256 conveniens
735 1207 825 1270 urgenti
838 1209 902 1256 uivus
916 1215 941 1256 ut
952 1209 1012 1266 anri,

462 1284 528 1334 AErn
538 1285 596 1334 itum
607 1291 631 1334 ut
641 1284 741 1348 plumbi.

204 1484 271 1546 Nec
283 1483 532 1560 dementatum,
543 1487 650 1567 quibus
664 1495 807 1565 terrarum
820 1486 898 1560 loca,
913 1506 1015 1548 rerum
1024 1485 1221 1568 pretiosamm
1235 1501 1267 1550 et

202 1577 288 1658 copia
311 1588 343 1638 et
354 1590 500 1658 proventu
513 1579 578 1639 aeris
592 1578 780 1652 abundantia,
802 1579 845 1642 ita
857 1577 1050 1660 fingerentur,
1071 1591 1106 1641 ut
1119 1581 1151 1639 in
1164 1581 1201 1640 iis
1214 1601 1267 1642 ao·

199 1692 266 1732 unm
279 1682 310 1733 et
326 1681 481 1751 argentum
505 1672 544 1732 ad
566 1691 651 1732 usum
660 1677 723 1749 jam
737 1672 845 1734 idonea
868 1684 1071 1736 nascerentur.
1113 1674 1198 1734 Intes-
1211 1675 1265 1735 has

199 1764 315 1826 fabulas
329 1783 375 1836 eu,
388 1785 477 1844 qnam
491 1764 530 1825 de
548 1763 642 1826 insula
663 1766 763 1846 Cypro
776 1766 876 1846 plures
891 1778 1007 1827 veteres
1026 1767 1187 1847 scriptores
1199 1786 1265 1828 nar-

197 1867 277 1933 rant,
292 1856 417 1917 maxime
438 1857 529 1937 digno
556 1869 601 1919 est
621 1870 795 1919 memoratu.
838 1860 1023 1931 Aristoteles,
1043 1871 1079 1919 ut
1092 1879 1153 1940 uno
1167 1878 1263 1940 eoque

112 1986 115 1991 ·
202 1949 365 2030 antiquiore
378 1960 457 2010 teste
479 1959 563 2025 utar.
574 1951 603 2010 in
624 1951 691 2013 libr.
714 1952 754 2013 de
777 1952 901 2013 mirabil.
916 1953 1040 2014 ansoult.
1054 1973 1082 2013 c.
1100 1958 1152 2016 45.
1165 1975 1198 2034 p.
1210 1955 1262 2020 87.

202 2043 326 2115 Becknt.
336 2045 378 2104 itu
391 2057 504 2105 narrat:
523 2044 597 2106 Φασὶ
611 2049 656 2104 καὶ
674 2047 706 2106 ἓν
717 2046 824 2128 Κυπρᾷ
834 2047 895 2126 περὶ
905 2050 957 2107 τόν
966 2048 1125 2125 λεγόμενον
1138 2047 1262 2128 Κοίνριον

118 2169 124 2178 ν
201 2140 253 2218 (ex
264 2135 381 2198 emend.
396 2137 533 2216 Meursil)
550 2142 661 2224 χαλκὸν
673 2135 774 2220 ’ίίροιον
788 2139 958 2217 γίγνεσθαι·
970 2140 1181 2219 κατακόψαντες
1193 2145 1261 2222 γὰρ,

199 2235 239 2299 ὡς
251 2229 350 2304 ἔοικεν,
370 2235 408 2299 εἰς
421 2237 520 2313 ρυιριί,
535 2239 699 2314 σπείρουσιν
713 2235 811 2293 αὐτόν·
833 2229 1016 2307 εἶταίνδάνων
1038 2232 1259 2314 ἐπιγενομένων,

200 2324 349 2400 (sitiverat
361 2326 407 2384 καὶ
421 2327 534 2385 dvlci-au
548 2329 594 2397 καὶ
607 2328 696 2394 οὕτως
711 2326 877 2403 συνάγεται.
919 2326 961 2387 Et
973 2346 1001 2387 e.
1015 2331 1067 2390 45.
1081 2347 1112 2408 p.
1127 2327 1178 2392 87·
1189 2326 1262 2410 ssepi

200 2416 308 2480 Παιονί
297 2423 346 2477 ίαν
360 2418 506 2492 λέγουσιν,
517 2417 589 2477 ίίέαν
601 2425 731 2499 συνεχεῖς
750 2419 777 2476 οἱ
792 2414 903 2498 ὄμβροι
912 2424 1061 2494 γίνωνται,
1072 2418 1259 2498 εὑρίσκεσθαι,

201 2512 420 2592 περιτηκορενης
428 2513 532 2582 elic
492 2534 559 2586 γης,
567 2515 677 2592 χρυσόν
686 2515 738 2572 τόν
751 2507 1077 2592 καλοίμενονᾶσυρον.
1099 2512 1162 2593 (cf.
1173 2530 1200 2572 c.
1208 2514 1259 2574 42.

198 2624 229 2685 p.
222 2607 295 2666 ..85
305 2600 356 2663 ubi
367 2600 449 2663 Φυειν
461 2607 579 2684 χρυσόν
594 2615 626 2664 et
646 2608 708 2666 49.
695 2622 739 2699 ,sp
751 2606 805 2666 92.
826 2607 939 2681 γένεσις
953 2604 1088 2712 seditem.)
1129 2605 1260 2667 Indedl-

200 2697 278 2759 citur
294 2695 384 2758 etiam
404 2717 501 2756 αυνυυι
520 2694 662 2774 liquidum,
678 2692 736 2776 ρέο
744 2697 873 2756 rummtis
886 2699 978 2756 aureis
991 2696 1084 2776 iisque
1099 2699 1190 2774 pitiiu.
1188 2692 1258 2760 vd.

199 2782 300 2855 Valet.
323 2792 424 2854 Flauo.
438 2791 492 2851 VI.
510 2793 602 2863 710.;
622 2809 723 2851 aurum
742 2809 865 2871 apyron.
907 2769 1044 2850 Similiter
1058 2790 1111 2850 de
1118 2789 1258 2870 sulphure

198 2907 272 2968 puro
280 2885 357 2947 Plin.
369 2883 499 2947 XXXV.
510 2890 580 2956 50.;
600 2884 702 2956 υἰυυσι,
716 2880 1158 2964 quodGroeciapymnvocant,
1167 2884 1258 2943 σασα·-

200 2993 248 3046 tur
260 2980 382 3049 soleclum
424 2978 486 3040 Sed
497 2978 567 3045 sans
579 2974 800 3057 exemplorum
821 2974 945 3057 Propria
954 2977 1055 3050 verbu
1068 2974 1174 3057 quibus
1188 2975 1258 3037 ortis

196 3060 291 3159 perid
273 3063 464 3145 utebantur,
482 3080 515 3132 nt
529 3090 630 3152 soepe
622 3070 653 3130 in
667 3068 835 3132 communis
851 3067 920 3129 vitae
933 3088 1099 3130 sermonem
1111 3067 1257 3142 obierunt,

194 3168 236 3229 ita
248 3167 296 3226 hio
305 3183 424 3246 quoqne
437 3164 550 3226 fuctum
564 3163 687 3237 videtur,
702 3178 799 3245 eoque
809 3161 914 3243 magis,
928 3182 1018 3243 quum
1029 3162 1164 3245 wulgus
1146 3162 1256 3224 fabulis

77 3267 86 3271 ”
197 3259 382 3321 delectetur.
414 3246 514 3318 Facile
536 3257 635 3336 igduu,
657 3275 748 3337 quum
761 3267 872 3317 terrum
884 3254 1075 3347 aliquamvel
1090 3264 1257 3347 argentoet

196 3369 268 3414 auro
289 3348 421 3412 fertilem
432 3351 477 3432 (ut
498 3349 617 3409 Plinius
632 3349 781 3428 loquitur),
796 3348 844 3432 vel
861 3340 972 3409 divitiis
986 3334 1206 3435 abundantem
1203 3346 1256 3408 de·

193 3445 326 3508 scribere
339 3444 488 3517 volebant,
504 3433 570 3503 eam
584 3442 631 3502 vel
645 3441 770 3522 patrium
784 3440 850 3502 oeris
865 3452 895 3502 et
909 3421 1026 3522 urgenti
1038 3427 1200 3503 nominare
1195 3442 1253 3504 vel

195 3540 296 3602 dicere
308 3549 456 3647 poterant,
474 3556 516 3598 oes
529 3536 569 3621 ibi
581 3524 664 3597 nasos
654 3535 723 3596 vel
741 3544 845 3597 natum
859 3554 934 3613 esse,
949 3535 974 3596 i.-
979 3555 1006 3598 e.
1020 3545 1128 3616 sponte
1141 3538 1255 3596 neturus

195 3633 360 3715 protende.
402 3629 491 3700 Quod
504 3616 597 3691 etinin
606 3629 638 3700 in
650 3639 752 3692 nostro
772 3630 840 3691 loco
853 3628 990 3691 Catullus
1011 3628 1082 3690 sotis
1102 3628 1256 3708 eleganter

194 3738 226 3789 et
239 3726 391 3807 ingeniose
404 3723 512 3787 fecisse
523 3718 593 3782 mnu
603 3721 727 3787 videtur
748 3721 872 3784 Etemm
878 3722 996 3802 puella
1018 3726 1038 3760 ‘⁸
1048 3722 1094 3782 At
1103 3720 1218 3793 ueste
1208 3740 1254 3781 sn·

195 3820 269 3907 quit,
284 3839 354 3894 aere,
369 3816 470 3899 quod
461 3835 491 3877 m
500 3818 536 3878 iis
545 3814 647 3878 tonis
639 3834 735 3899 ipsum
747 3803 850 3879 nutum
864 3815 981 3895 dieitur,
995 3814 1135 3876 homiues
1139 3814 1254 3876 adlec-

145 3942 154 3953 ι
194 3914 283 3977 ticum
292 3910 488 3995 comparasti
490 3908 688 3993 Bithymam
696 3929 765 3973 vero
766 3911 870 3991 cnjus
880 3918 1022 3990 pretores
1032 3906 1257 3968 inxunuetlus-

194 4009 270 4072 ciiia
282 4009 332 4069 ita
337 4005 468 4093 diffluere
482 4007 626 4079 solebant,
635 4016 670 4067 ut
677 4002 820 4089 plerique,
832 4003 994 4077 Memmius
1002 4003 1253 4083 Gemellnsoeqne

189 4123 226 4165 ao
247 4114 364 4185 postea¹
376 4101 485 4163 Cadius
500 4102 604 4162 Rufus
610 4111 649 4162 et
655 4096 832 4181 Tarquinius
846 4098 965 4173 Priscus
977 4078 1250 4181 repetundisduun-

190 4206 339 4266 narentur,
353 4195 532 4274 provinciam
545 4193 638 4256 fuisse
661 4192 912 4274 opulentissimam
935 4198 966 4254 et
987 4191 1115 4253 metallis
1134 4189 1253 4271 Ineun-

194 4290 271 4364 dam,
285 4287 416 4369 pluribus
428 4300 560 4352 veterum
574 4288 648 4352 locis
663 4287 779 4368 probari
791 4297 897 4366 potest,
913 4297 945 4348 et
958 4286 1074 4348 urbium
1084 4282 1251 4346 nominibus
