2872 4972
237 363 302 432 132
483 369 524 453 c.
547 353 785 436 vanuum?
806 367 1046 438 curuum

281 550 414 636 Hymen
431 575 451 618 o
468 555 663 640 Hymenaee,
678 555 810 642 Hymen
827 557 943 622 adeso
955 557 1149 642 Hymenaee.
1249 558 1287 620 10

675 736 855 783 euveum.

363 846 445 911 Non
457 849 565 914 facilis
579 850 686 934 nobis,
704 835 861 939 aequales,
877 852 988 939 palma
1005 861 1123 940 parata
1138 862 1209 918 est:

276 954 465 1042 Adspicite,
480 958 630 1046 innuptae
644 950 756 1026 secum
772 970 810 1026 ut
825 962 985 1027 meditata
1000 964 1187 1051 requirunt.

276 1066 360 1131 Non
375 1067 499 1134 frustra
513 1071 738 1137 meditantur:
754 1072 879 1137 habent
894 1073 1110 1139 memorabile
1126 1064 1216 1162 quod
1229 1075 1283 1140 sit.

275 1175 353 1242 Nec
367 1178 506 1245 mirum:
522 1187 594 1245 tota
608 1182 742 1268 penitus
758 1170 833 1271 qum
849 1193 961 1249 mente
976 1184 1141 1249 laborent.

273 1288 350 1353 Nos
366 1289 434 1355 alio
451 1299 589 1376 mentes,
604 1293 673 1358 alio
688 1294 860 1373 divisimus
874 1316 984 1360 aures.
1246 1296 1284 1360 15

273 1398 299 1465 J
302 1420 363 1464 ure
373 1400 477 1488 igitur
488 1404 671 1470 vincemur.
713 1405 817 1471 Amet
833 1406 973 1471 victoria
986 1427 1112 1472 curam.

224 1530 227 1534 ⁴
274 1509 389 1589 Quare
403 1533 492 1578 nunc
504 1514 631 1579 animos
647 1514 764 1581 saltem
780 1516 978 1581 committite
992 1523 1142 1582 vestros:

274 1621 400 1687 Dicere
408 1624 480 1710 jam
497 1606 669 1712 incipient,
684 1627 756 1714 jam
772 1627 975 1713 respondere
990 1626 1139 1691 decebit:

272 1730 406 1818 Hymen
422 1756 443 1800 o
459 1736 653 1821 Hymenaee,
671 1736 804 1824 Hymen
827 1738 942 1803 adeso
959 1738 1153 1823 Hymenaee.

673 1917 841 1963 PUELLAE·

356 2031 520 2119 Hespere,
535 2032 594 2119 qui
609 2031 695 2097 coelo
710 2033 817 2098 fertur
832 2032 1000 2098 crudelior
1019 2031 1128 2118 ignis?
1238 2031 1282 2094 20

258 2223 299 2267 12.
315 2218 442 2281 Requiront
452 2235 531 2266 omnes
544 2219 610 2266 editt.
622 2219 771 2282 antiquiores.
805 2219 893 2266 Statius
905 2226 981 2266 sutem
997 2235 1027 2265 ex
1043 2218 1160 2280 corruptis
1176 2216 1282 2265 lectioni·

225 2285 279 2340 bus,
289 2298 346 2344 quas
353 2283 378 2329 in
385 2284 476 2331 duobus
487 2285 576 2331 Mssc.
584 2285 713 2339 invenerat,
727 2283 790 2331 vario
800 2284 869 2330 modo
880 2284 1043 2330 huncserauur
1055 2283 1177 2330 restituere
1188 2283 1283 2331 molitus

226 2356 277 2397 est:
296 2347 346 2394 ruit
362 2348 422 2394 euim
438 2349 476 2394 vel
494 2349 571 2408 Aspice
581 2365 628 2410 quc
639 2351 740 2409 innupte
755 2364 827 2395 mcum
840 2356 867 2394 ut
878 2349 985 2395 nuditate
998 2350 1126 2409 requisisset,
1139 2348 1174 2394 sel
1186 2347 1284 2407 Aspicite

224 2415 325 2472 innupte
337 2427 407 2474 psaeso
417 2419 443 2458 st
451 2414 557 2460 meditata
568 2415 696 2474 requirnnt,
709 2415 745 2460 vel
759 2413 836 2473 Aspice
847 2429 893 2474 quc
904 2415 1006 2472 Innuptae
1016 2427 1088 2459 secum
1100 2420 1127 2457 ut
1138 2413 1282 2473 meditamina

224 2478 338 2538 quur-dm,
356 2475 393 2523 rel
406 2476 519 2537 Adspicite
533 2478 634 2537 innuptae
648 2493 718 2539 qtsaeso
734 2485 760 2524 ist
776 2477 919 2524 meditamina
930 2484 1042 2540 querunt.
1058 2478 1162 2538 protecto
1177 2477 1213 2522 he
1227 2485 1281 2523 sunt

217 2555 239 2586 a
270 2540 300 2587 lae
311 2539 402 2589 dubim!

226 2554 297 2653 ild.
314 2605 384 2652 Hunc
396 2620 489 2652 versum
501 2604 597 2652 reduxit
607 2605 715 2660 Vossius,
732 2613 819 2652 temere
831 2607 920 2664 exejus
932 2605 1045 2651 sententia
1056 2620 1070 2650 u
1084 2605 1142 2652 viris
1153 2604 1229 2651 doctis
1240 2620 1282 2652 ex·

223 2677 343 2730 punctum,
360 2684 413 2716 curn
430 2675 454 2716 et
470 2670 652 2717 vetustissImum
663 2670 802 2717 Thuanseum
818 2678 842 2716 et
860 2671 906 2717 aliu
917 2669 1061 2731 exempluna
1077 2685 1128 2716 eum
1146 2677 1280 2730 agnoscant.

222 2733 365 2783 Sententiam
374 2739 437 2781 certe
449 2742 473 2781 et
483 2735 608 2782 orationem
622 2735 715 2796 egregie
727 2736 764 2781 hic
775 2750 858 2781 versus
866 2736 942 2794 juvat.
953 2749 996 2794 pro
1007 2735 1104 2780 laborent
1115 2735 1223 2794 equidem
1233 2749 1282 2781 ma·

223 2797 264 2847 litu
275 2799 386 2847 laborum.

256 2863 304 2927 15,
316 2862 440 2911 Convertits
449 2871 527 2911 vestros
539 2863 648 2910 Vossius.

255 2930 296 2976 20.
314 2928 369 2983 Quis
378 2928 430 2974 coelo
440 2943 562 2989 perperam
574 2927 597 2973 iu
609 2928 754 2988 quibusdam,
766 2942 817 2974 nam
829 2927 956 2988 saepissime
972 2926 1062 2973 abonis
1075 2926 1229 2988 scriptoribus
1240 2927 1280 2989 qui

220 2990 324 3056 pro'quis
339 2992 440 3054 ponitur.
453 2992 502 3039 vid.
515 2991 696 3040 Drucksnborclr.
707 2994 736 3039 ad
754 2993 807 3039 Lis.
818 2992 839 3038 1.
851 2996 875 3038 7.
888 2992 917 3038 ad
930 2993 1001 3038 verba
1016 2993 1099 3054 rogitat
1113 2993 1151 3053 qui
1169 2993 1206 3038 cir
1218 2999 1279 3038 esset.

220 3056 282 3104 adde
290 3055 389 3104 Duclser.
400 3058 429 3102 ad
441 3056 535 3103 Florum
543 3057 591 3102 I.c.
598 3060 637 3104 18.
646 3064 669 3104 et
678 3057 791 3104 &basum
798 3057 831 3103 ad
841 3057 902 3102 I’lin.
910 3058 1025 3116 Panegyr.
1035 3072 1056 3102 c.
1064 3058 1105 3102 74.
1112 3072 1134 3117 p.
1143 3059 1276 3118 366.-pro

213 3118 446 3186 futarinnounullis
457 3127 535 3167 exstat
543 3121 677 3182 lucct‚quod
688 3123 750 3168 huud
759 3121 829 3169 dubie
837 3137 867 3168 ex
881 3137 904 3168 v.
913 3123 953 3168 26.
964 3119 1081 3166 intrusum
1090 3121 1185 3168 estred
1196 3121 1276 3182 quem·

222 3292 226 3296 -
253 3264 295 3309 12.
312 3258 416 3321 Innupte
429 3274 503 3307 aecum
520 3270 548 3307 ut
562 3260 670 3307 meditatu
688 3277 724 3309 re·
771 3263 842 3310 rebus
863 3268 888 3309 et
911 3260 1093 3322 cogitationibus
1112 3261 1195 3308 eodem
1217 3267 1276 3307 tem-

220 3335 281 3397 puir.
300 3334 324 3380 h:
335 3348 358 3380 a.
379 3347 448 3394 quatu
463 3332 554 3380 curiose
571 3328 688 3395 repetunt
700 3342 724 3383 et
771 3351 829 3397 pore
845 3340 979 3395 occupatur.
992 3334 1076 3395 Virgil.
1096 3334 1190 3380 AEueid.
1206 3335 1276 3381 VIII.
1314 3338 1316 3344 '

220 3420 329 3470 promere
340 3405 443 3459 student,
455 3420 507 3466 quae
518 3405 644 3467 diligenter
655 3413 723 3454 antea
771 3412 812 3457 20.
840 3409 912 3471 Atque
932 3409 1032 3455 animum
1051 3407 1142 3454 celocem
1153 3407 1276 3466 asnebec,

219 3478 307 3540 puellm
315 3492 394 3525 secum
404 3479 723 3527 commentataeetmeditutae
771 3480 925 3528 uuncdiuidit
941 3479 1007 3526 illuc.
1040 3479 1155 3526 Similiter
1170 3479 1233 3541 apud
1244 3480 1277 3526 0-

221 3555 285 3597 snnt.
303 3549 409 3597 meditatu
420 3549 523 3609 passive,
535 3556 561 3597 ut
573 3553 644 3598 oratio
653 3553 722 3600 nudi-
771 3551 820 3599 rid.
840 3552 937 3599 Remed.
959 3567 983 3598 v.
1006 3554 1064 3600 443.
1085 3567 1146 3599 mens
1167 3551 1274 3613 bipartito

220 3630 271 3670 tuto
279 3623 355 3669 Tacit.
364 3620 447 3669 Annal.
462 3623 534 3670 XIV.
546 3625 587 3673 55.
600 3627 623 3670 1.
636 3631 660 3671 et
670 3639 721 3672 cur·
769 3631 828 3671 secta
849 3622 936 3670 dicitur
957 3625 987 3670 de
1008 3638 1046 3679 eo,
1064 3623 1106 3686 qui
1124 3623 1190 3671 binas
1208 3624 1276 3672 simul

219 3710 270 3743 men
280 3696 409 3742 meditatum
424 3696 486 3757 apud
496 3694 558 3742 Ptin.
570 3696 686 3758 Panegyr.
699 3714 720 3744 ο.
770 3703 832 3743 amat
842 3696 941 3756 puellas.

221 3770 246 3816 8.
257 3767 299 3827 ubi
309 3766 360 3814 rid.
370 3766 492 3815 Schwartz.
503 3783 527 3828 p.
540 3771 563 3814 6.
802 3772 842 3816 16.
858 3769 927 3815 Ansut
942 3771 1020 3815 uictor.
1035 3783 1086 3815 cur.
1114 3769 1154 3816 Sio
1165 3769 1275 3832 Euripid.

253 3845 293 3889 14.
310 3840 359 3888 Nec
377 3843 468 3896 mirum,
495 3842 520 3887 h.
530 3856 551 3887 e.
572 3856 615 3888 nec
637 3835 720 3888 mirum
770 3841 886 3889 Phoenice.
896 3857 922 3889 v.
934 3844 992 3889 ⁷28.
1010 3839 1036 3888 ul
1046 3844 1103 3888 νικᾶν
1119 3840 1168 3888 leus
1180 3845 1224 3890 πῒιν
1240 3841 1276 3891 ἔω

219 3913 279 3960 adeo
293 3912 369 3960 rideri
379 3913 459 3970 debet,
470 3913 491 3959 sl
502 3913 651 3961 memorabile
664 3914 719 3974 quid
770 3912 855 3964 Remis.

217 3986 335 4047 protertur
351 3987 381 4033 ab
399 3985 440 4042 iis,
462 4001 514 4048 quse
532 3992 583 4034 toto
603 3986 679 4033 animo
697 3992 721 4034 et
802 3982 850 4033 17.ἱ
861 3976 994 4035 Corumittr'tc
1005 3986 1174 4034 nlmirumoum
1185 3987 1275 4049 puella·

219 4059 326 4107 omnibus
336 4057 431 4106 intentis
440 4058 529 4106 viribus
537 4059 560 4106 in
567 4075 596 4106 eo
606 4059 720 4106 laborant.
769 4071 820 4102 rum
835 4056 926 4114 animis,
939 4059 962 4105 b.
973 4054 994 4105 a.
1011 4059 1156 4121 componite;
1174 4059 1272 4107 nanda·

252 4133 292 4181 15.
310 4129 355 4179 Noa
373 4131 419 4178 ulio
434 4140 525 4186 metues,
537 4131 582 4178 alio
591 4131 656 4178 dicis.
667 4146 718 4177 our.
769 4136 818 4177 tum
835 4145 849 4176 a
866 4129 1043 4192 gladiatoribus,
1059 4131 1100 4194 qui
1111 4132 1219 4178 committi
1231 4131 1272 4178 rel

217 4219 260 4252 noa
270 4203 323 4251 utils
339 4204 420 4260 rebus,
430 4202 514 4264 quibus
526 4203 593 4250 simul
611 4218 679 4249 aures
695 4209 720 4249 et
768 4205 868 4264 componi
879 4218 932 4250 cum
942 4195 1083 4252 idrersariis
1093 4205 1239 4251 dicebantur.
1269 4236 1272 4241 -

218 4277 317 4325 cultuum
328 4279 469 4338 praebemus,
479 4275 580 4322 districti
592 4275 719 4322 etdistsnti
802 4279 841 4324 20.
860 4275 906 4330 sts'
922 4292 966 4337 pro
986 4278 1043 4340 puis.
1064 4276 1114 4324 vid.
1128 4277 1184 4323 Var.
1201 4278 1270 4325 Isset.

218 4357 331 4400 tenemur.
346 4351 435 4399 animus
449 4351 542 4407 divisus,
554 4348 594 4411 qui
613 4348 719 4412 pluribus
762 4346 851 4412 fertur.
861 4343 918 4399 Ine.
930 4349 1041 4410 solvitur,
1050 4350 1220 4400 circumfertur.
