2872 4972
220 311 267 412 'aa
432 345 647 415 annun
676 345 739 414 sn
769 344 1072 414 canuuuuu

223 527 407 607 crediderim.
449 531 545 594 Poeta
564 531 644 594 omni
666 532 791 614 pulchro
812 550 850 594 ac
872 530 989 593 sublimi
1012 548 1100 590 sensu
1122 527 1285 588 datum

220 620 375 698 fuissetsi
389 625 514 687 versioni
533 624 674 706 Sapphici
693 623 846 706 poematis,
867 625 951 705 quod
970 622 1140 703 exemplum
1160 620 1284 700 generis

220 713 344 776 sublime
357 716 479 778 dicendi
491 737 558 780 esse
567 717 725 779 volnenint
733 717 846 797 antiqui
858 717 1027 796 scriptores,
1041 714 1199 794 adjecisset
1211 730 1285 773 sen-

220 807 344 869 tentiam
357 829 418 869 non
430 810 527 871 solum
538 809 632 891 ipsam
650 810 799 883 insulsam,
818 809 872 871 sed
888 829 908 869 a
920 811 986 870 loco
999 819 1031 869 et
1044 809 1082 867 ab
1099 807 1199 868 indole
1213 823 1283 866 car·

220 897 306 960 nrinis
318 901 407 980 plane
420 900 557 962 alienam.
597 901 647 962 Ne
657 901 700 962 ita
713 901 834 962 stultum
848 901 937 961 fuisse
951 901 1101 961 Catullum
1118 899 1233 970 credas,
1247 905 1284 956 ut

219 1007 307 1049 suum
318 990 470 1070 ingenium
486 992 550 1073 ipse
567 992 713 1054 illuderet.
755 990 906 1064 Omnium,
927 1011 993 1071 qute
1011 999 1227 1071 proposuerunt
1237 989 1285 1048 in·
1306 1005 1311 1013 ·

220 1089 374 1160 terpretes,
395 1084 625 1165 explicationum
649 1085 776 1146 maxime
796 1084 911 1165 placuit
929 1084 980 1144 illa
999 1083 1106 1155 vossii,
1128 1082 1283 1144 Catullum

220 1171 282 1233 otio
296 1173 327 1232 in
341 1175 418 1238 adeo
438 1177 520 1240 tenui
540 1197 583 1252 re,
597 1178 739 1240 vertendo
759 1178 896 1258 Sapphus
914 1178 1051 1250 carmine,
1071 1177 1177 1236 diutius
1196 1175 1283 1236 abuti

220 1264 379 1341 nolentem,
393 1268 543 1350 abrupisse
557 1279 588 1331 et
601 1269 660 1331 hoc
673 1269 792 1331 nomine
805 1270 937 1330 ultimam
957 1268 1106 1349 stropham
1120 1267 1282 1328 addidisse.

221 1356 304 1423 Quid
324 1379 392 1420 vero
410 1361 538 1442 ineptius
558 1371 647 1443 atque
667 1362 762 1442 magis
781 1362 920 1423 insulsum
940 1361 1002 1422 dici
1016 1360 1118 1442 possit,
1139 1360 1284 1440 equidem

220 1450 331 1511 nescio.
353 1453 486 1516 Catullus
499 1464 591 1516 totum
605 1455 742 1537 Sapphus
756 1474 875 1518 carmen
888 1457 1041 1536 eleganter
1054 1456 1168 1517 Latinis
1182 1455 1284 1517 verbis

220 1555 414 1622 expresserat,
428 1558 458 1608 at
475 1547 577 1609 ultima
589 1549 713 1628 stropha
725 1567 810 1627 oeque
825 1567 862 1609 ac
874 1568 975 1609 versus
992 1559 1116 1609 ocmvus
1134 1548 1219 1627 periit
1230 1548 1282 1608 vel

219 1632 333 1696 incuria
350 1635 542 1711 librariorum,
557 1639 603 1699 vel
617 1639 756 1718 quoniam
771 1641 863 1721 verba
881 1640 912 1698 in
931 1640 1034 1699 codice
1051 1639 1207 1699 obliterata
1219 1639 1283 1719 legi

220 1744 282 1785 non
302 1739 450 1807 poterant.
491 1730 615 1791 Lacuna
636 1730 706 1791 inde
726 1731 817 1803 facta,
839 1731 973 1791 librarius
997 1742 1118 1791 nasutas
1138 1751 1173 1791 ac
1192 1731 1284 1791 nimis

221 1819 344 1901 otiosus,
358 1842 396 1882 ne
417 1823 487 1903 quid
502 1824 599 1885 codici
618 1824 747 1898 deesset,
767 1825 821 1884 hos
838 1844 936 1884 versus
950 1825 1064 1908 videtur
1080 1824 1234 1903 adjecisse,
1249 1834 1284 1885 et

222 1913 378 1975 occasione
392 1935 457 1977 esse
480 1917 598 1990 abnam,
620 1936 680 1997 qua
692 1918 764 1996 ipse,
777 1916 808 1975 in
822 1917 1018 1978 describendo
1040 1916 1157 1978 Catullo
1170 1916 1283 1979 sudans

221 2015 311 2084 atquc
334 2006 395 2068 otio
415 2019 512 2088 poetas
530 2009 674 2082 invidens,
694 2020 824 2069 mentem
845 2029 929 2070 snam
942 2009 1091 2089 stupidam
1106 2008 1283 2089 explicaret.

221 2095 329 2176 Neque
344 2100 471 2161 attendit
490 2101 575 2161 metri
590 2100 789 2161 defectionem
803 2101 833 2159 in
846 2100 943 2161 verbis
960 2100 1054 2159 Otium
1069 2099 1185 2160 Catulle.
1207 2100 1284 2162 Cre·

220 2189 312 2251 dibile
326 2193 404 2251 enim
419 2204 472 2266 est,
485 2195 633 2256 Catullum
643 2194 746 2256 iisdem
760 2194 889 2255 numeris
899 2192 1060 2254 reddidisse
1071 2213 1190 2254 carmen
1206 2195 1283 2275 Sap·

221 2281 307 2362 phua,
323 2286 404 2365 quod
416 2286 459 2347 ita
475 2287 615 2367 scriptum
629 2298 684 2361 est,
698 2298 731 2347 ut
745 2286 860 2366 epitrito
874 2285 1006 2346 secundo
1018 2305 1117 2346 versus
1131 2287 1282 2365 incipiant.

222 2375 296 2441 Hoc
315 2396 376 2437 uno
390 2379 458 2440 loco
471 2379 607 2440 carminis
619 2380 759 2459 leguntur
772 2378 893 2439 trochaei
907 2377 1008 2458 (quod,
1022 2378 1144 2438 aliorum
1157 2378 1282 2441 Latino·

222 2461 288 2531 rum
302 2473 441 2553 exempla
452 2484 604 2552 sequutus,
625 2493 742 2554 semper
760 2473 886 2534 evitasse
907 2472 1024 2531 videtur
1043 2482 1151 2551 poeta;
1178 2466 1281 2533 name

223 2562 339 2626 duobus
363 2586 453 2628 carm.
478 2567 535 2627 XI.
558 2567 638 2640 locis,
662 2565 712 2647 qui
733 2565 845 2627 habeut
867 2564 1022 2635 trochaeos,
1044 2563 1119 2623 alter
1137 2564 1228 2623 cubat
1247 2564 1283 2625 in
1328 2592 1338 2599 ·

224 2655 354 2736 mendo).
395 2659 433 2719 In
445 2659 491 2719 his
506 2659 637 2720 versibus
650 2659 762 2719 nullam
776 2668 890 2719 exstare
903 2657 1039 2718 lectionis
1052 2657 1232 2732 renotatam,
1248 2659 1283 2720 id

223 2747 428 2812 defensoribus
440 2770 500 2811 non
510 2752 639 2812 debebat
650 2760 821 2830 argumento
832 2769 914 2820 esse;
929 2749 1029 2820 immo,
1040 2760 1073 2808 ut
1085 2749 1118 2808 in
1132 2749 1194 2810 aliis
1208 2770 1280 2832 sup-

224 2842 326 2920 positis
338 2843 420 2917 locis,
435 2842 630 2904 recentiorem
643 2862 779 2902 versuum
792 2841 935 2920 originem
949 2840 1056 2920 prodit.
1090 2886 1093 2891 ,

263 2934 365 2996 Locus
377 2947 425 2996 est
445 2936 581 2996 carminis
601 2933 700 2996 XXV.
714 2954 758 2994 vs.
772 2939 802 2995 5.
820 2933 870 3013 qui
891 2933 1060 2994 criticorum
1080 2953 1166 2995 nasos
1184 2953 1283 3016 usque

223 3027 264 3088 ad
277 3026 377 3088 obelos
391 3027 533 3099 exercuit,
547 3027 577 3086 in
591 3046 650 3106 quo
664 3037 762 3089 tamen
775 3027 839 3084 sere
852 3045 955 3086 omnes
970 3026 1145 3086 emendandi
1166 3027 1213 3088 vel
1227 3048 1281 3088 ex·

223 3118 353 3200 plicaudi
374 3138 494 3198 operam
514 3119 716 3198 perdiderunt.
757 3108 840 3179 Mira
857 3117 987 3177 cernitur
1001 3118 1124 3179 varietas
1144 3119 1284 3184 lectionis

222 3211 255 3271 in
264 3211 424 3283 codicibus,
439 3222 470 3272 et
483 3210 721 3272 emendationum
730 3209 848 3288 farrago
861 3219 942 3270 tauta
955 3221 1010 3283 est,
1024 3222 1058 3270 ut
1068 3230 1133 3287 eam
1142 3231 1283 3275 enarrare

224 3323 273 3363 me
293 3302 403 3383 pigeat.
443 3304 480 3364 Id
498 3313 611 3363 tanturn
625 3321 745 3362 monere
758 3301 848 3378 volui,
861 3302 1020 3362 lectionem
1032 3304 1194 3365 editionum
1206 3327 1288 3380 non·⁴

225 3395 382 3470 nullarum,
396 3397 440 3476 (ut
455 3394 569 3476 Gryph.
585 3397 675 3459 1537.
689 3393 882 3456 Basil.1569.
898 3395 1038 3456 Hannov.
1051 3398 1153 3476 1608.)

443 3540 503 3586 Gnm
514 3537 566 3586 dira
577 3537 647 3586 maris
657 3536 740 3600 hyems
749 3552 806 3585 aves
817 3537 920 3585 ostendit
932 3537 1067 3593 oscitantes,

225 3684 323 3744 neque
345 3664 456 3725 codicis
477 3683 575 3744 neque
591 3663 701 3745 ·antiq.-.
709 3663 793 3724 editt.
815 3681 892 3743 esse,
911 3674 946 3724 ut
964 3672 1079 3743 putant,
1092 3649 1147 3725 sed
1161 3648 1286 3724 correc-

226 3762 336 3824 tionem'
345 3761 473 3823 Guarini
486 3761 587 3842 patris,
602 3760 651 3840 qui
662 3771 693 3820 et
702 3760 780 3845 hanc
793 3759 955 3840 proposuit,

453 3903 513 3952 Gnm
523 3903 579 3951 diva
591 3883 675 3951 mulier
685 3904 791 3951 Laconas
802 3903 906 3951 ostendit
916 3903 1052 3952 osoihntes.

227 4047 263 4199 {ln
276 4045 373 4107 Libris
386 4043 482 4106 MSS.
497 4045 562 4105 haec
575 4043 770 4117 inveniuntur,
785 4053 815 4102 et
836 4040 954 4122 quidem
971 4042 1002 4101 in
1025 4041 1120 4113 Statii,
1133 4053 1164 4139 et
1185 4042 1284 4104 Dres-

249 4159 330 4200 ensi:
971 4166 972 4169 ¹

343 4256 347 4261 ’
474 4258 553 4317 Quam
563 4256 619 4305 diva
628 4254 711 4305 mulier
720 4270 776 4304 aves
785 4252 889 4328 ostendit
898 4252 1030 4303 oscitantes.
1109 4303 1112 4308 ,
