2872 4972
268 314 270 321 ⁵
331 368 1095 477 oasunvarrounscasuram.
1192 370 1240 440 ιε

184 557 374 631 humanitate,
388 579 476 639 quam
490 577 560 630 non,
571 568 606 618 ut
618 554 763 637 plerique,
774 557 875 637 specie
893 555 1058 638 profitetur,
1072 539 1236 619 sed'auimo

96 691 100 695 -
184 649 285 721 babet,
301 652 453 711 concessit.
494 652 530 710 ln
544 648 706 728 exemplari
721 669 801 722 vem,
822 652 903 730 quod
916 651 996 729 apud
1015 669 1062 710 me
1076 659 1132 720 est,
1146 667 1236 708 manu

186 743 342 823 adscriptae
362 754 431 803 sunt
449 743 537 803 variae
554 742 707 812 lectiones,
728 762 849 820 querum
865 743 991 802 maxima
1007 761 1076 821 pers
1096 740 1183 800 litera
1200 741 1235 800 P.
1249 796 1256 808 ,

185 848 313 897 notetur.
355 838 402 896 Ex
415 837 495 908 locis,
510 835 541 895 in
555 836 660 914 quibus
672 834 792 913 plenum
806 853 914 894 nomen
927 843 1032 906 exstat,
1046 831 1163 910 collegi,
1174 831 1236 892 lec·

186 929 282 989 tiones
292 930 342 1000 ita,
354 934 388 988 ut
398 927 468 1000 diri,
478 929 615 1007 signatas,
624 945 690 986 esse
701 926 854 986 Francisci
864 926 977 997 Paccii,
989 936 1019 985 et
1033 945 1052 984 a
1066 925 1156 985 docto
1165 943 1237 1003 qno·

187 1021 255 1081 dam
269 1021 342 1093 viro,
357 1022 407 1101 qui
426 1031 457 1080 et
470 1040 537 1080 suas
550 1018 672 1090 addidit,
687 1017 818 1098 scriptas.
860 1017 989 1078 Pucciu's
1003 1018 1107 1097 purtim
1128 1038 1147 1077 e
1160 1018 1240 1079 cadie

186 1112 278 1186 cibus,
298 1116 426 1192 quorum
435 1113 546 1173 mentio
559 1113 590 1170 in
606 1110 752 1171 nonnullis
770 1111 843 1170 locis
863 1111 906 1182 fit,
930 1111 1061 1190 reposuit
1082 1110 1238 1182 lectiones,

186 1207 294 1287 partim
308 1206 492 1283 conjecturas
502 1225 569 1265 snas
581 1205 612 1264 in
621 1203 753 1282 margine
764 1204 887 1275 notarit,
902 1204 981 1284 quod
992 1203 1062 1263 satis
1076 1203 1238 1284 expositum

188 1318 207 1359 a
230 1299 369 1360 Sentenio
390 1299 421 1358 in
442 1299 527 1378 praef.
549 1296 589 1357 ad
603 1297 738 1375 Propert.
779 1296 853 1362 Quis
872 1315 940 1356 vero
961 1294 1052 1356 fuerit
1064 1295 1107 1354 sir
1120 1297 1239 1370 doctus,

189 1396 272 1467 eujus
280 1411 368 1450 manu
378 1391 426 1449 hes
436 1390 641 1449 adnotationes
652 1388 776 1467 scripte,
789 1408 848 1448 non
862 1389 955 1451 ausim
968 1387 1126 1459 affirmar03
1138 1399 1241 1451 tamea

188 1483 321 1562 auspicor
339 1483 430 1542 fuisse
451 1481 613 1552 Perreium,
635 1485 719 1555 cujus
743 1480 964 1542 emendationes
983 1492 1018 1541 et·
1036 1481 1180 1543 lectiones
1200 1502 1239 1543 ex

189 1576 300 1635 Aldine
320 1575 479 1655 exemplari
503 1574 651 1654 excerpsit
665 1575 851 1634 Burmannus
869 1576 909 1635 ad
924 1575 1106 1654 Prop-Ad
1128 1577 1241 1636 Tibull·

190 1668 268 1726 enim
281 1669 378 1728 locum
392 1668 435 1726 Il.
449 1673 479 1730 6.
492 1671 544 1729 45.
557 1667 588 1725 in
601 1686 670 1726 rneo
687 1667 827 1746 exemplo
841 1666 906 1726 haee
920 1666 1066 1747 adscripta
1083 1667 1237 1747 leguntur:

190 1761 331 1831 Pomanus
343 1770 422 1820 necat
429 1783 441 1828 ,·
450 1761 535 1840 forte
546 1759 603 1836 legi
612 1766 722 1834 potest:
735 1759 795 1817 lena
808 1767 884 1816 udat
893 1760 1018 1818 miserum
1029 1761 1117 1836 recipi
1119 1760 1241 1839 furiinu

189 1873 240 1930 que
251 1854 374 1924 tabellas,
385 1863 417 1914 et
429 1853 495 1910 haee
507 1850 643 1930 Heynius
656 1849 696 1909 ad
710 1849 778 1908 Tib.
791 1868 829 1908 ea
839 1862 974 1930 excerpt.
997 1851 1106 1911 Perreii
1120 1851 1243 1932 allegat.¹

191 1944 242 2004 Sic
257 1944 345 2004 etiam
359 1944 398 2003 ad
411 1963 453 2002 vs.
470 1949 519 2004 13.
539 1941 639 2021 primae
658 1941 736 2019 eleg.
758 1942 902 2020 Propertii
924 1942 972 2021 (ad
986 1962 1075 2021 quem
1088 1944 1155 2003 duae
1171 1955 1238 2004 tan.

190 2047 253 2095 tum
276 2035 480 2096 adnotationes
500 2033 659 2113 pertinent)
681 2032 762 2092 haec:
794 2034 890 2092 Psillet'
913 2043 1037 2092 uetustus
1059 2055 1084 2094 c.
1106 2037 1158 2095 scd
1178 2039 1240 2116 lego

189 2130 268 2205 hpllei
276 2153 288 2198 t
309 2139 342 2189 et
354 2129 412 2189 hoc
426 2147 443 2188 e
456 2127 531 2187 libro
546 2128 618 2185 Ant.
639 2125 752 2185 Perreii
770 2125 855 2185 effert
874 2125 1058 2189 Burmannus
1075 2126 1115 2186 ad
1127 2127 1158 2186 h.
1177 2127 1241 2187 l.--·

190 2220 349 2282 Lectiones
363 2221 483 2282 Godicis
498 2217 710 2297 manuscripti,
731 2218 782 2297 qui
800 2219 830 2277 in
847 2217 1023 2279 bibliotheca
1037 2218 1135 2299 Regia
1146 2240 1242 2307 asser·

189 2311 285 2385 satur,
299 2313 427 2385 describi
441 2324 472 2372 et
484 2313 601 2378 mecum
615 2309 824 2371 communicari
832 2310 920 2386 ju'asit
930 2310 1116 2390 Datsdopius,
1126 2313 1178 2373 vir}
1190 2312 1244 2387 cl,

191 2406 231 2465 ad
253 2402 433 2482 adjuiendas
459 2406 560 2466 literas
586 2423 641 2484 pro
666 2403 848 2463 humanitate
875 2424 930 2464 sua
955 2400 1240 2485 maximea'paratus.

190 2497 276 2556 Idem
291 2508 337 2557 est
350 2496 433 2568 liber,
446 2496 533 2576 equo
543 2496 685 2556 lectiones
700 2493 867 2554 adtulerunt
882 2496 1018 2576 Heynins
1028 2497 1066 2555 ad
1080 2495 1241 2570 Tibullum,

191 2589 329 2649 Berthins
347 2591 386 2649 ad
407 2588 602 2668 Propertium.
641 2589 827 2666 Quamquam
839 2588 901 2661 sub,
909 2588 1022 2648 exitum
1036 2590 1137 2649 soeculi
1155 2590 1241 2652 XIV.
1296 2586 1299 2591 ’

191 2692 329 2742 exaratus
343 2683 467 2752 videtur,
480 2679 664 2759 reperiuntur
677 2689 777 2738 tumen
790 2679 820 2737 in
831 2698 866 2738 eo
875 2680 971 2758 plures
981 2679 1124 2740 lectiones
1138 2693 1245 2742 notatu.

191 2775 289 2853 dignoe
307 2786 338 2835 et
357 2793 436 2855 saepe
456 2772 580 2850 vestigia
603 2771 811 2852 corruptionia3
835 2772 944 2852 saepius'
962 2772 1084 2850 aliorum
1107 2774 1244 2834 codicum·

190 2867 331 2928 lectiones
344 2887 398 2929 sue
410 2864 582 2926 auctoritate
593 2863 753 2924 confirmat.
856 2869 858 2904 ῖ

636 3100 797 3146 ἡ.

234 3248 285 3312 De
299 3249 434 3312 carminis
447 3251 473 3312 1.
487 3250 617 3322 versibus
636 3257 657 3314 9
674 3262 706 3312 et
717 3256 766 3312 10.
780 3269 881 3311 omnes
895 3251 1004 3312 Catulli
1017 3249 1190 3332 interpretes
1200 3253 1244 3314 lo·⁴

193 3343 277 3424 qunti
291 3353 376 3414 sunt3
400 3353 431 3403 at
450 3362 538 3404 nemo
558 3343 686 3403 omnium
704 3343 745 3403 ite
758 3360 810 3404 eos
823 3343 958 3416 restitnit,
973 3354 1006 3403 ut
1019 3343 1195 3404 auctoritate
1205 3345 1244 3404 li·

193 3440 313 3519 brorum
334 3459 370 3500 ac
391 3439 500 3518 linguae
513 3439 626 3517 ratione
640 3439 757 3518 probari
779 3449 909 3520 possent.
924 3438 937 3477 ·‘
950 3439 1168 3519 Antiquissimre
1180 3438 1245 3499 edi·

195 3531 290 3592 tinum
304 3531 421 3592 Vicent.
432 3530 512 3590 Brix.
527 3541 558 3591 et
567 3533 687 3591 Venett.
700 3531 742 3590 ite
755 3531 898 3594 exhibent
910 3550 988 3592 vers.
1004 3541 1155 3592 octavum:

403 3788 405 3792 ι
479 3696 645 3784 Qualeonnqne,
652 3698 760 3784 quidem,
770 3737 786 3770 o
796 3691 878 3785 patros
888 3722 965 3785 virgo,

196 3894 285 3956 qnam
301 3874 460 3936 lectionem
480 3877 641 3956 probarunt
655 3875 793 3956 Paccius,
808 3875 927 3936 Vossius
941 3887 973 3936 et
985 3875 1122 3956 Vulpius,
1135 3884 1248 3939 nuato

198 3969 289 4032 verbo
300 3968 404 4046 quidem
413 3967 445 4026 in
459 3970 547 4046 quod.
556 3969 663 4029 Aliam
668 3957 834 4029 lectionem
843 3977 973 4045 patrono,
982 3973 1045 4045 jam
1054 3988 1078 4028 a.
1086 3967 1248 4031 annena

199 4069 467 4131 commemorem,
476 4059 625 4120 Palladius
637 4060 835 4141 recipiendam
845 4060 972 4123 censuit.
1013 4061 1090 4122 Utra
1102 4061 1249 4141 antiquior

198 4153 247 4227 sit,
261 4153 416 4233 explorare
433 4173 494 4213 nou
514 4151 606 4232 potui.
630 4151 787 4214 ..loviauus
808 4153 968 4226 Ponteuus,
981 4153 1080 4217 scriba
1100 4151 1198 4232 regius
1217 4163 1250 4214 et

196 4245 258 4326 ulii,
271 4244 505 4331 teatepPailadio'
519 4255 551 4306 at
570 4243 695 4319 Peirai,
707 4244 916 4311 emendaturus
937 4248 1122 4330 qualecunque
1130 4265 1182 4324 per
1199 4265 1249 4306 orn
