2872 4972
363 329 1108 433 dnsnavrrrounscarnrca.
1215 357 1262 425 sa

204 543 264 624 legi
278 545 309 604 in
327 547 513 610 membranis.
553 547 704 609 Librarius
717 550 755 609 ob
769 547 893 608 similem
903 546 1043 608 clausidoe
1056 540 1261 625 sonumfacile

204 638 301 717 potuit
311 659 409 701 errare
420 654 451 702 et
464 642 556 702 verba
568 642 599 702 in
611 642 700 703 alium
712 642 812 702 locum
832 651 1034 722 transponere,
1057 636 1139 723 quod
1159 634 1260 719 saepis-

206 731 281 793 sime
295 733 407 794 factum
420 735 575 796 invenitur.

556 973 608 1033 Ad
629 973 728 1034 Carm.
748 970 912 1032 XXXVII.

365 1155 396 1201 V.
410 1158 480 1206 1-5.
496 1154 567 1201 Salax
579 1150 683 1210 taberna,
694 1168 784 1215 rosque
794 1153 985 1211 contubornales,

493 1230 622 1292 Apileatis
634 1246 693 1278 nona
704 1231 814 1279 frumans
821 1229 882 1291 pila,

495 1308 559 1354 Solis
568 1306 657 1368 putatis
667 1322 719 1354 esre
731 1306 844 1355 mentulas
853 1306 940 1354 vobis?

494 1382 556 1430 Solis
566 1383 639 1429 licere
649 1382 763 1444 quidquid
773 1388 810 1430 ast
820 1382 952 1443 puellarum
1040 1398 1043 1403 ·

493 1460 645 1517 (lonlntuere,
656 1466 680 1507 et
690 1466 773 1522 patara
785 1465 878 1508 celcms
888 1458 984 1508 hircos?

200 1623 279 1682 Haec
289 1625 381 1682 verba
394 1622 570 1703 interpretes
584 1624 735 1703 explicatu
748 1622 883 1684 faciliora
901 1632 1052 1703 putarunt,
1072 1639 1161 1701 quarn
1175 1635 1253 1693 sunt;

201 1725 232 1774 et
252 1714 293 1774 ita
312 1715 417 1774 leviter
436 1727 609 1789 tractarunt,
632 1726 666 1776 ut
680 1716 809 1778 diversas
830 1715 1040 1796 explicationes
1062 1714 1256 1796 quorumdam

198 1809 354 1868 verborum
366 1814 579 1889 conjungerent
593 1823 684 1891 atque
697 1811 920 1892 permiscerent.
956 1813 1008 1885 At,
1022 1810 1053 1869 ni
1066 1820 1145 1870 totus
1158 1811 1255 1883 fallor,

197 1908 255 1961 n'ec
267 1912 348 1960 recte
360 1921 477 1962 sensum
490 1914 697 1982 perceperunt,
710 1920 806 1983 neque
816 1903 1002 1963 manifestam
1011 1904 1195 1963 occasionem
1209 1920 1256 1961 ar-

196 1991 351 2072 ripuerunt
364 1994 524 2074 quaerendi,
539 1994 610 2074 quid
624 2015 642 2055 a
660 2001 759 2075 polita,
773 1995 844 2075 quid
861 1996 898 2054 ab
912 1995 975 2055 aliis
988 1995 1152 2075 profectum
1166 2003 1253 2054 esset.
1297 2038 1300 2043 -

196 2083 265 2145 Alia
274 2085 386 2147 ratione
399 2087 468 2148 huic
481 2088 548 2148 loco
563 2088 620 2148 vim
634 2109 715 2149 suam
728 2099 816 2169 atque
828 2087 1005 2168 elegantiam
1020 2089 1147 2149 reddero
1161 2089 1254 2149 debe·

193 2176 277 2239 bant.
317 2179 476 2259 Equidem,
496 2192 530 2241 ut
551 2182 725 2242 sententiam
747 2200 855 2260 meam,
875 2181 1065 2260 argumentis,
1078 2178 1254 2261 quibusint-

196 2271 283 2344 citur,
295 2273 430 2348 adjectis,
441 2293 598 2354 exponam,
616 2294 730 2335 versum
744 2274 877 2357 quintum
888 2273 1014 2334 arbitror
1023 2293 1086 2334 non
1100 2292 1118 2334 a
1132 2271 1252 2334 Catullo

194 2364 402 2444 conscriptum,
417 2366 530 2426 sedvel
549 2369 587 2426 ab
609 2367 773 2446 antiquiore
791 2367 1012 2446 interpolatore,
1032 2367 1118 2427 vela
1136 2367 1250 2427 lectore

104 2446 107 2453 ’
193 2457 291 2536 aliquo
309 2457 467 2518 libidinoso
486 2460 637 2539 adjectum
652 2481 727 2521 esse.
768 2459 898 2519 Primum
912 2459 991 2520 enim
1012 2460 1135 2520 offendit
1151 2461 1251 2540 longas

192 2549 316 2629 syllabae
335 2550 451 2622 solutio,
468 2571 555 2631 quam
569 2557 660 2632 poeta
672 2571 814 2631 nusquam
829 2552 899 2612 alibi
913 2552 1057 2623 admittit3
1076 2571 1131 2612 uec
1144 2553 1250 2631 proba·

193 2639 253 2700 bile
261 2639 387 2711 videtur,
403 2660 481 2714 eum,
493 2642 544 2721 qui
558 2661 595 2701 ex
608 2641 740 2703 formulis
754 2662 856 2703 severe
871 2642 1045 2722 praescriptis
1058 2643 1169 2703 iambos
1181 2662 1249 2703 suos

192 2733 368 2812 composuit,
381 2734 440 2794 hoc
449 2755 508 2794 uno
522 2736 588 2795 loco
599 2736 637 2795 ab
648 2734 711 2795 istis
722 2735 837 2815 legibus
851 2735 1018 2796 recessisse.
1060 2735 1176 2796 Deinde
1185 2755 1249 2795 ver·

190 2824 261 2884 bum
277 2826 437 2906 confutuere
450 2827 555 2888 vellem
566 2826 633 2886 'aliis
647 2826 719 2887 locis
734 2829 985 2906 comprobassent.
1026 2817 1180 2906 Nusquam
1195 2847 1248 2887 oc-

190 2917 290 2989 currit,
305 2928 334 2977 et
348 2918 551 2979 malefactum
566 2932 627 2991 cst;
649 2903 950 2999 quamquam⁶Catulli
962 2919 1113 2997 ingenium
1126 2921 1156 2979 in
1171 2923 1249 2998 ejus·

190 3009 270 3069 modi
284 3009 378 3070 verbis
391 3011 537 3089 fingendis
551 3033 610 3078 non
621 3013 735 3078 tardum
750 3010 885 3071 dixerim.
927 3013 1004 3072 Tum
1018 3031 1088 3071 vero
1102 3019 1193 3091 polita
1208 3033 1246 3073 ne

190 3104 287 3182 potuit
299 3103 419 3182 quidem
437 3105 480 3163 ita
494 3104 602 3165 dicere.
645 3104 734 3164 Omni
749 3124 836 3163 sensu
857 3117 939 3164 caret
959 3106 1135 3180 uocabulum
1148 3107 1247 3167 hircos.

188 3196 392 3275 Interpretum
413 3199 555 3270 nonnulli,
578 3210 612 3258 ut
625 3197 760 3278 Vulpius,
784 3197 951 3276 intelligunt
968 3199 1007 3259 de
1021 3198 1125 3259 vetulis
1146 3200 1247 3273 hircis,

189 3290 240 3373 qui
255 3288 364 3350 viribus
378 3289 503 3361 defecti;
525 3311 591 3370 quaa
612 3291 787 3369 significatio
800 3311 860 3350 non
875 3293 969 3350 solum
982 3312 1042 3351 non
1055 3293 1146 3353 verbo
1159 3293 1246 3365 inest,

188 3383 346 3444 sedetiam
361 3403 380 3442 a
401 3384 543 3465 loquendi
564 3404 617 3442 usu
638 3384 784 3444 abhorret.
827 3385 989 3444 Hircorum
1008 3386 1126 3445 nomine
1145 3386 1247 3466 appel·

187 3474 287 3534 lantur
307 3475 441 3536 homines
463 3476 574 3535 salaces
595 3476 733 3556 (Sueton.
756 3476 822 3534 Tib.
836 3481 909 3551 ab),
923 3478 970 3536 vel
992 3476 1050 3536 alio
1072 3497 1161 3538 sensu
1175 3477 1247 3536 hir·
1295 3480 1299 3489 ‘

187 3567 274 3628 cosi
296 3567 448 3640 dicuntur,
464 3568 513 3647 qui
535 3568 646 3627 hircum
668 3567 750 3627 olent
764 3568 873 3647 (Plaut.
888 3568 987 3628 Marc.
1001 3568 1061 3628 ΙΙΙ.
1078 3574 1106 3630 3.
1123 3575 1171 3630 14.
1188 3569 1246 3632 Ca·

186 3661 252 3721 tull.
267 3660 381 3719 LXXI.
399 3663 453 3736 1.).
482 3661 539 3721 Illa
553 3661 725 3740 significatio
739 3681 758 3720 a
775 3670 877 3720 nostro
890 3661 958 3720 loco
972 3661 1059 3740 plane
1074 3661 1169 3722 aliena
1181 3675 1246 3734 est;

185 3756 252 3816 haec
275 3756 492 3835 quodammodo
506 3756 574 3814 ferri
596 3765 702 3833 potest,
722 3774 897 3833 quamquam
910 3774 971 3814 non
988 3754 1172 3833 intelligitur,
1186 3776 1247 3835 quo

184 3861 277 3928 pacto
292 3849 322 3919 ii,
339 3869 422 3927 quos,
439 3848 588 3907 ancillarum
601 3847 692 3905 odore
703 3847 879 3916 laborantes,
892 3845 1012 3924 fugiunt
1025 3848 1144 3926 puellae,
1157 3867 1248 3927 oppo-

184 3951 294 3999 nantur
307 3940 352 4009 iis,
366 3939 417 4018 qui
436 3949 543 4017 putant
561 3938 615 3996 sibi
636 3937 703 3997 solis
718 3957 782 3997 esse
801 3938 958 3996 mentulas.
999 3939 1133 3998 Aliorum
1154 3940 1245 4019 expli-

183 4033 317 4092 cationes
332 4032 370 4090 de
382 4031 557 4101 hominibus,
572 4030 632 4107 qui,
652 4029 760 4088 similes
774 4030 909 4089 castratis
923 4031 1023 4102 hircis,
1038 4032 1114 4093 viros
1129 4053 1161 4092 sa
1172 4053 1247 4111 prae-
1267 4102 1272 4111 .

182 4133 265 4185 stare
283 4110 442 4202 nequeant,
462 4123 544 4200 quasi
564 4121 635 4179 illud
655 4121 747 4197 ipsum
760 4122 938 4180 vocabulum
961 4124 1109 4201 significet
1132 4125 1247 4184 hircum

184 4231 357 4285 castratum,
375 4217 420 4274 vel
443 4216 481 4272 de
504 4214 635 4272 rivalium
658 4215 923 4290 contemptoribus,
948 4228 980 4274 ut
1000 4219 1041 4276 ait
1061 4220 1246 4294 Parthenium,

106 4381 108 4387 s
182 4331 285 4372 ornnes
301 4321 369 4370 sunt
381 4308 534 4371 absurdae.·
560 4306 700 4377 Accedit,
716 4307 797 4383 quod
810 4307 840 4366 h.
856 4308 876 4368 l.
892 4309 1085 4375 uehementer
1096 4312 1250 4394 displicent
