2872 4972
499 345 920 454 CARMENLXXV.
1024 438 1036 457 Ι
1169 346 1235 414 247

474 581 735 710 cAsMuu
764 627 949 711 uxxv.

602 815 647 860 AD
665 813 817 862 LESBIAM.

273 931 412 1002 Nutu
426 944 538 1023 potest
552 935 674 1002 mulier
687 944 817 1003 tontum
831 961 867 1006 se
879 938 990 1006 dicere
1004 947 1146 1008 amatam

316 1044 419 1129 Vere,
431 1054 593 1133 quantum
608 1069 629 1112 a
644 1069 707 1132 me,
720 1047 856 1125 Lesbia,
870 1057 1089 1136 smate5mee,
1101 1074 1147 1118 es.

272 1154 383 1219 Nulla
397 1156 481 1222 fides
493 1157 567 1222 ullo
577 1157 641 1224 fuit
656 1180 802 1247 unquam
817 1159 941 1225 foedere
955 1169 1060 1245 tsn‘ts,

315 1265 451 1344 Quanta
466 1267 629 1335 in'emore
645 1277 705 1334 tuo
719 1291 762 1334 ex
780 1277 875 1356 parte
892 1279 1026 1357 reperta
1040 1293 1115 1338 mea
1127 1280 1189 1337 est.

272 1374 376 1442 Nunc
391 1386 442 1443 est
455 1399 547 1444 mens
561 1379 706 1445 adducta
720 1387 791 1463 tua,
803 1400 877 1444 mes
889 1378 1025 1463 Lesbia,
1035 1370 1147 1468 culpa,
1212 1383 1233 1446 5

316 1488 432 1574 Atque
446 1488 495 1552 ita
508 1511 544 1555 se
559 1490 667 1554 officio
681 1489 830 1576 perdidit
843 1490 916 1576 ipss
930 1490 1006 1576 pio:

269 1594 319 1662 Ut
334 1597 407 1683 jam
428 1619 490 1663 nec
505 1599 590 1664 bene
604 1598 695 1665 velle
709 1620 830 1687 queam
845 1599 918 1682 tibi,
935 1599 961 1664 si
977 1600 1103 1687 optima
1115 1603 1185 1685 fias,
1251 1588 1254 1592 ⁴

314 1706 390 1773 Nec
405 1707 566 1775 desistere
580 1731 704 1790 ornare,
717 1710 829 1775 omnia
843 1709 871 1774 si
886 1709 997 1774 socias.
1036 1728 1041 1747 ’

220 1890 273 1938 Hos
283 1897 382 1952 quatuor
392 1892 522 1941 versiculos
533 1893 634 1954 priores,
642 1894 666 1941 in
677 1893 763 1954 antiqq.
773 1888 850 1941 Codd.
860 1899 917 1955 post
925 1894 1074 1956 Epigramma
1084 1896 1230 1945 LXXXVI.

187 1955 376 2010 collocatos,huo
386 1957 507 2004 revocavit
516 1960 628 2018 Scaliger,
639 1973 717 2019 quem,
727 1957 781 2019 quis
792 1959 886 2019 egregie
893 1959 927 2004 illi
938 1962 1236 2020 cumquotuorposteriori-

187 2021 232 2065 bus
243 2021 385 2080 conspirent,
395 2021 500 2084 plerique
511 2022 668 2069 recentiorum
679 2022 753 2069 secuti
764 2029 825 2068 suut.
847 2022 959 2082 Inprimis
971 2023 1072 2083 Vulpius
1082 2024 1179 2072 mirifice
1189 2026 1235 2073 lsoo

187 2084 279 2130 nornine
290 2084 384 2130 extollit
395 2100 496 2144 sonmen,
503 2086 626 2148 Sceligeri,
634 2092 659 2132 et
668 2087 717 2132 haec
728 2092 827 2146 quatuor
838 2086 938 2133 disticho
948 2085 987 2131 rel
998 2087 1027 2132 sb
1037 2085 1090 2146 ipso
1099 2089 1192 2137 Catullo
1201 2091 1235 2139 ita

88 2168 94 2178 ν
187 2150 309 2208 conjuncte
319 2152 344 2195 st
354 2149 484 2210 composite
493 2151 575 2206 luisse,
586 2151 625 2197 vel
636 2158 700 2197 certe
710 2151 813 2210 poetam,
831 2150 851 2196 si
863 2151 891 2196 ob
902 2150 982 2197 inieris
994 2150 1119 2208 excitetur,
1126 2154 1188 2201 hano
1198 2154 1235 2200 is·

186 2212 298 2258 dustriam
314 2213 429 2273 Scsligeri
445 2228 490 2260 non
501 2216 678 2274 deprecaturum
692 2215 885 2262 existimet-Et
901 2229 956 2261 sene
976 2220 1075 2274 qustnor
1091 2219 1235 2277 posteriores

187 2281 252 2322 recte
262 2275 347 2338 integri
357 2277 469 2338 poematii
478 2278 673 2339 ἀποσπωμένων
682 2278 763 2326 heberi
774 2283 889 2339 poterent

218 2345 243 2387 4.
261 2339 353 2393 Quanta
363 2343 388 2388 in
398 2356 471 2389 amose
481 2357 528 2399 suo,
538 2349 563 2389 ut
575 2344 606 2389 sit
616 2358 658 2404 pro
670 2343 747 2403 ipsius,
758 2342 942 2403 Gryph.Muret.
954 2347 978 2388 et
989 2342 1104 2390 ull—sed
1115 2351 1154 2394 tuo
1164 2354 1202 2395 est
1210 2346 1235 2395 in

185 2404 292 2451 omnibns
302 2406 370 2452 MSS.
382 2406 440 2452 stat.

217 2472 242 2518 5.
259 2469 313 2516 Huc
322 2477 354 2516 sot
363 2484 424 2516 merse
433 2471 530 2516 deducu
540 2471 636 2518 Venett.
647 2471 736 2532 Gryph.
748 2472 836 2518 Mutet.
844 2495 877 2506 -
884 2475 986 2516 nostram
997 2470 1121 2518 lectionem
1132 2489 1163 2521 ex
1175 2475 1234 2524 (lod.

185 2548 229 2581 suo
241 2534 354 2595 produxit
364 2534 476 2596 Scaliger,
486 2540 511 2581 et
519 2534 555 2582 sio
565 2535 672 2592 Vossius,
684 2535 761 2584 editor
772 2537 881 2584 (luntsbn
894 2535 966 2595 Vulp.
976 2536 1082 2597 Gotting.
1092 2538 1186 2599 llipont.

219 2696 290 2754 Quod
297 2697 321 2744 in
331 2695 440 2745 Cerrnine
447 2696 598 2745 LXXll.de
606 2711 685 2744 amore
734 2697 811 2753 docto,
822 2697 846 2742 h.
856 2711 878 2742 e.
889 2695 994 2751 aliensto,
1004 2703 1108 2744 svocstn.
1135 2697 1175 2744 Sic
1183 2701 1234 2748 ossi-

186 2783 230 2814 sno
248 2784 304 2830 erge
317 2769 425 2816 Lesbium
442 2775 467 2815 ct
482 2771 513 2815 de
525 2770 575 2828 ejus
586 2768 685 2830 perfidis
733 2783 783 2816 mus
792 2782 903 2828 ocorpore
913 2768 1022 2815 obductus
1030 2770 1094 2829 apud
1104 2769 1234 2820 Cio.‘l'nse.

184 2847 342 2900 expresserat,
349 2840 412 2887 idem
420 2841 443 2888 in
455 2843 500 2888 lroo
511 2841 613 2888 carmine
624 2855 685 2887 nors
733 2840 755 2886 1.
767 2842 808 2886 31.
817 2842 847 2887 de
857 2854 895 2895 eo,
906 2839 1002 2900 quinon
1019 2841 1118 2902 emplius
1128 2842 1166 2898 iis,
1180 2858 1233 2905 quse

184 2911 295 2958 dictionis
305 2912 418 2960 serietate
427 2920 452 2960 et
462 2919 543 2960 ornstu
555 2913 673 2974 exprimit.
733 2912 758 2959 in
774 2927 856 2960 sensns
872 2912 967 2968 cedunt,
980 2914 1086 2959 turbetur
1101 2921 1126 2960 et
1146 2917 1234 2977 obripi-

218 2987 242 3031 2.
260 2983 322 3039 Vere,
332 3001 363 3032 ex
372 2983 455 3031 intimo
466 2991 570 3046 pectore.
734 2991 787 3043 tur;
803 2991 827 3032 et
835 2984 869 3030 sio
880 2985 968 3046 cespius
975 2985 1083 3031 obducere
1090 2986 1120 3033 ed
1131 2987 1233 3036 aninum

216 3059 242 3104 3.
259 3059 324 3104 Num
344 3058 405 3105 sorte
426 3052 482 3119 post
499 3073 599 3120 unquam
618 3056 684 3105 exoi-
733 3059 848 3115 refertur;
875 3055 1006 3108 sexcenties
1028 3063 1105 3105 nutem
1123 3059 1234 3108 adducere

185 3128 222 3175 dit
234 3130 276 3176 irs?
733 3135 758 3178 et
775 3130 886 3177 obducere
906 3144 920 3176 s
936 3127 1037 3175 librariis
1055 3130 1154 3178 confuse
1173 3137 1232 3197 sunt.

217 3206 241 3248 4.
259 3201 364 3263 Experto
371 3193 580 3265 csea‚quodsdnse
592 3201 683 3259 attinet,
734 3200 783 3249 sid.
800 3217 859 3263 quos
873 3201 953 3249 lsndst
964 3195 1135 3250 Drocltenborolr
1146 3204 1175 3252 sd
1187 3204 1232 3254 Sil.

185 3273 264 3335 τόυμδν
272 3273 344 3336 μέρος.
732 3275 788 3322 ltsl.
800 3275 834 3322 X.
844 3277 883 3321 18.
893 3281 917 3322 et
924 3274 954 3320 ed
967 3273 1021 3320 Lis.
1032 3276 1150 3322 Tormlv.
1157 3293 1181 3338 p.
1191 3279 1231 3326 92.

217 3349 241 3394 5.
258 3346 333 3404 Mens,
346 3348 430 3409 pietas,
441 3346 620 3395 benevolentis:
641 3348 682 3394 ad·
766 3351 790 3395 6.
807 3347 880 3409 Atque
890 3348 924 3392 ito
935 3361 956 3394 ce
972 3343 1042 3408 efficio
1051 3347 1113 3406 perdi
1125 3350 1232 3409 ipeopios

184 3421 254 3465 detera
274 3421 298 3466 h.
308 3436 330 3467 c.
352 3427 486 3479 oontrsots;
509 3421 551 3467 sed
566 3420 635 3468 vslde
652 3420 683 3467 de
732 3421 809 3480 Atque
824 3419 867 3465 lroo
878 3419 948 3465 modo
958 3416 1011 3479 ipss
1021 3432 1046 3464 ee
1062 3417 1166 3480 privarit
1180 3412 1232 3482 pie·

183 3491 283 3537 lectione
299 3492 397 3539 adducto
419 3493 503 3539 dubito
510 3508 518 3550 ;
543 3490 599 3537 milri
621 3491 682 3538 enim
733 3491 796 3548 tetis,
805 3506 874 3552 quarn
885 3491 907 3538 ei
916 3491 1051 3551 probabam,
1060 3489 1143 3537 officio.
1216 3548 1218 3553 .

184 3563 309 3624 scripsisse
321 3564 401 3624 potius
412 3564 518 3612 Catullus
540 3563 633 3611 ridetur
643 3563 681 3610 ab·
