2872 4972
562 329 877 401 PRAEFATIO.
1212 335 1250 401 ix

197 501 278 569 mibi
286 498 667 590 reterminterpretindi
677 500 897 571 more'recesai
906 501 1251 592 ant'inpout'erumre-

194 613 323 694 oudam
330 613 531 700 adquermai
541 612 613 678 ulla
621 613 754 679 ratione
760 613 916 701 expediri
925 622 961 678 et
970 613 1249 701 interpretatione

188 723 305 810 juvari
316 731 427 811 potest
436 722 532 791 locun
543 723 871 812 difficilioretpnulo
881 723 1085 812 impeditior,
1097 725 1188 791 baud
1197 727 1249 793 te‘·

194 852 286 897 mero
296 831 394 914 illum
404 833 607 899 no'raforma
616 834 760 901 iuduere
769 833 890 917 audeo,
900 832 1062 923 quiequid
1071 833 1131 900 alii
1143 833 1186 900 de
1196 834 1249 923 5¹¹?

192 943 284 1030 genii
296 943 361 1011 mei
373 942 533 1008 tarditate
540 944 707 1030 judicent.
728 944 1248 1032 Speraveramquideni,cnmad

192 1053 439 1119 mutationem
451 1053 585 1121 Catulli
594 1053 801 1142 accingerer,
814 1075 866 1120 me
877 1054 975 1133 t'orte',
988 1062 1149 1121 concurro
1159 1053 1246 1150 nini

191 1160 258 1231 neu
273 1162 410 1229 Codicia
424 1162 623 1249 Catulliani,
632 1165 692 1253 qui
707 1164 742 1230 in
755 1164 972 1230 Bibliotheca
980 1163 1248 1250 Guelferbytanae

190 1282 360 1357 noratur,
380 1274 425 1340 ad
448 1283 582 1342 textum
604 1276 864 1343 'emendatiorem
885 1272 1092 1342 reddendum
1114 1273 1247 1363 aliquid

190 1385 470 1473 conlerrepoaee3
492 1385 642 1452 aeduum
656 1386 922 1474 Glll'errndony',
937 1384 1116 1452 Professor
1127 1384 1246 1453 Helm·

161 1486 164 1491 ’
189 1493 379 1577 audiencia,
402 1495 584 1584 diligenter
598 1498 660 1563 boc
671 1497 788 1564 codice
809 1496 1012 1580 examinato,
1034 1495 1121 1563 nibil
1142 1495 1246 1585 plane

190 1604 289 1670 boum
302 1607 410 1694 frugis
424 1607 504 1673 inde
515 1629 639 1695 capere
652 1631 752 1695 posse
767 1608 917 1674 futurum
929 1604 1062 1673 Catulli
1072 1605 1243 1675 editorem

190 1713 427 1780 humanissime
441 1717 521 1782 mibi
533 1717 763 1805 significasset,
777 1740 871 1806 apem
886 1717 980 1782 illam
994 1715 1113 1801 abjeci.
1149 1712 1244 1785 lund

189 1833 304 1889 antem
320 1817 424 1891 'doleo
449 1834 485 1892 et
506 1849 634 1893 meeum
657 1826 820 1895 dolebunt
841 1848 967 1910 omnen,
991 1826 1055 1913 qui·
1069 1824 1244 1893 Catullum

189 1942 315 2018 amant,
324 1937 415 2025 quod
424 1937 567 2003 duorum
580 1937 864 2003 nobilissimorum
870 1935 1085 2025 criticorum,
1092 1934 1245 2005 Beckeri

189 2054 226 2109 et
239 2045 468 2131 Brooclclzurii,
483 2048 517 2112 in
533 2047 705 2114 Catullum
720 2045 897 2126 anecdota,
922 2068 1091 2134 nunquam
1113 2068 1133 2111 e
1148 2054 1244 2113 tene·

190 2156 259 2222 brie
276 2157 311 2222 iu
326 2157 434 2223 locem
450 2157 584 2244 prolata
596 2166 693 2237 eunt3
718 2156 870 2225 Duclceri
882 2156 1020 2244 quidem
1030 2155 1243 2249 animaduerf

189 2266 320 2333 sionum
337 2268 370 2333 iu
387 2266 560 2334 Catullum
574 2269 732 2355 exiguam
748 2277 878 2354 partem
893 2267 950 2350 (ad
965 2265 1080 2335 Germ.
1096 2265 1241 2358 xvlll.

188 2377 295 2443 XIX.
312 2379 396 2459 XX.
411 2383 445 2447 iu
460 2380 642 2467 Priapum)
654 2378 817 2445 delibavit
827 2386 862 2444 et
874 2377 1060 2466 publicavit
1074 2376 1243 2447 Barnun

188 2512 248 2554 ures
262 2490 332 2556 Sec.
346 2489 390 2555 ad
399 2491 541 2557 Antbol.
553 2491 653 2557 Tum.
670 2490 721 2556 11.
734 2513 766 2579 p.
781 2489 876 2556 574.=
892 2488 951 2556 e'ed
962 2488 1005 2555 de
1021 2488 1243 2558 Brouclclruril

187 2603 221 2665 in
239 2601 412 2668 Catullum
427 2601 674 2668 commentariis
689 2601 736 2666 nil
763 2601 896 2683 ecimus,
917 2600 981 2665 nini
1005 2598 1096 2687 quod
1121 2614 1241 2665 eorum

187 2711 370 2799 aliquoties
385 2712 588 2776 mentionem
599 2711 708 2799 injicit
722 2711 933 2778 Burmannus
948 2711 1018 2777 Sec.
1029 2709 1242 2795 adPropert.

186 2832 222 2886 et
237 2823 390 2889 Doroille
404 2822 447 2887 ad
463 2821 638 2887 Chariton.
678 2820 869 2889 Beruurdur
884 2829 995 2905 autem
1011 2820 1054 2887 de
1068 2820 1110 2886 iis
1123 2817 1241 2884 scribit

187 2934 238 3011 (in
253 2933 323 2997 vita
339 2933 469 2999 Reislcii
483 2955 514 3020 p.
529 2932 618 3012 420.)
663 2932 825 2999 Catullum
838 2934 931 3019 prelo
943 2933 1087 3019 euly‘iciet
1107 2927 1240 3001 Welnlo·

186 3047 260 3109 niue
282 3044 463 3129 bibliopola,
485 3047 539 3109 cui
558 3046 693 3110 editioni
713 3045 859 3108 accedent
881 3042 1109 3110 commentarii
1129 3040 1243 3106 inediti

187 3153 409 3221 Brouclclrusii
422 3175 465 3220 ex
483 3155 670 3221 bibliotheca
686 3154 1000 3234 Dominio-Quod
1014 3152 1057 3221 ad
1072 3153 1238 3245 interpre-

187 3264 347 3328 tationem
361 3265 494 3347 attinet,
518 3287 585 3351 qua
600 3266 779 3334 Catullum.
800 3267 970 3331 illustrare
985 3263 1111 3344 studui,
1135 3259 1237 3348 quili-

186 3375 254 3456 bet,
270 3374 324 3439 vcl
341 3396 474 3441 menon
490 3376 630 3459 fatente,
650 3376 750 3442 facilc
764 3376 898 3454 sentiet,
922 3398 974 3441 me
989 3373 1120 3464 adeam
1134 3371 1238 3437 ratio·

185 3505 273 3568 nean,
289 3507 356 3572 qua
375 3506 496 3550 novam
523 3486 631 3551 lucem
646 3486 789 3552 Tibullo
803 3495 838 3551 et
853 3485 999 3572 Virgilio
1014 3483 1186 3550 effundere
1198 3489 1238 3549 et

185 3617 299 3660 corum
315 3594 497 3661 lectoribus
511 3596 617 3662 iucem
634 3596 936 3683 splendidissimam
961 3595 1143 3662 accendere
1165 3617 1237 3661 ana·

184 3705 287 3772 tinnit
303 3706 464 3792 Heynius,
489 3705 640 3771 imitandi
660 3705 807 3771 atndiunn
830 3705 1014 3787 direxiaac3
1044 3706 1103 3771 sed
1126 3716 1235 3788 nemo,

184 3820 314 3906 opinor,
323 3817 409 3885 adeo
427 3840 479 3882 me
491 3817 570 3882 mibi
581 3816 753 3882 Suffenum
769 3839 842 3882 esee
855 3818 1085 3895 arbitrabitur,
1095 3824 1132 3880 ut
1145 3815 1237 3904 qnod

184 3930 277 3996 solus
293 3930 363 3994 iere
379 3929 538 4016 Hryuius
563 3929 597 3992 in
614 3932 790 4016 po‘c‘tarum
807 3927 1085 4014 interpretatione
1109 3927 1237 4012 praesti-

183 4040 235 4120 tit,
252 4050 285 4103 et
301 4060 363 4126 pro
382 4038 504 4125 insigni
524 4038 649 4126 ingenii
670 4047 706 4104 et
727 4037 887 4105 doctrinm
914 4037 1012 4124 copia
1032 4035 1128 4100 facile
1150 4057 1238 4122 pree·

183 4159 273 4213 stare
283 4149 405 4235 putarit,
422 4148 454 4213 id
471 4150 505 4212 in
517 4148 657 4213 Catullo
671 4171 723 4213 me
736 4149 941 4235 praestitisse,
954 4148 1007 4212 uel
1018 4169 1160 4232 unquam
1175 4168 1237 4233 pro

184 4258 312 4345 ingenii
327 4267 364 4352 et
376 4259 537 4325 doctrina
555 4260 719 4326 tenuitate
734 4264 895 4347 praestare
911 4281 1018 4348 posse,
1037 4257 1139 4323 stulte
1155 4257 1237 4324 mihi

956 4356 977 4419 b
